1861 2703
153 238 256 273 1529.
650 233 806 269 REGIS
832 232 1021 269 JACOBI
1048 232 1094 267 V.
1503 235 1572 270 198

144 331 236 366 Item
255 331 361 378 empt’
380 331 422 365 de
442 330 565 364 eodem
587 343 597 364 s
616 330 731 377 xxiiij⁰
752 329 878 377 Mercij
909 343 920 364 t
949 329 969 376 ij
991 330 1134 378 lagiuej
1155 335 1279 375 quarta
1305 332 1318 377 j
1347 329 1467 376 pineta
1497 327 1567 373 vinj

197 408 350 456 ejusdem
368 408 473 455 preeij
719 434 728 444 .
974 434 983 442 .
1231 434 1239 442 .
1466 407 1525 440 xix
1543 412 1568 441 ἔ.

151 487 241 521 Item
261 490 365 534 empt'
384 499 446 534 per
464 487 716 522 Rotulatorem
737 500 748 521 l
767 487 893 534 xxviij⁰
913 486 1040 533 Mercij
1058 499 1069 521 s
1086 499 1169 533 erga
1186 485 1421 533 prouifionem
1441 485 1569 520 Pascha
1602 489 1684 517 ¹⁵²9-

197 565 254 612 viij
274 564 482 611 pouufioues
510 565 580 612 vinj
610 565 676 612 albj
707 565 820 600 locate
852 566 888 599 in
918 564 1136 600 Monasterio
1167 565 1296 600 Sanete
1327 564 1453 600 Crucis
1472 578 1484 598 l
1503 565 1572 611 pri-

198 644 289 677 cium
555 670 562 677 .
834 669 842 677 .
1115 670 1122 678 .
1416 643 1513 690 xlviij
1532 645 1569 678 ii.

149 723 240 756 Item
261 725 366 768 empt'
385 721 432 768 iiij
453 720 661 768 pounfiones
680 722 749 769 vinj
770 722 891 769 claretj
911 722 1023 757 locate
1042 722 1170 756 ibidem
1295 748 1303 755 .
1433 721 1514 767 xxvj
1533 722 1569 756 ii.

150 800 241 833 Item
260 800 360 834 solut'
378 812 443 847 pro
463 800 613 846 eariagio
633 799 716 846 dietj
738 800 807 846 vinj
829 800 871 834 de
891 799 984 834 Leth
1003 800 1120 834 versus
1141 798 1395 834 Mouasterium
1504 799 1524 846 ij
1546 804 1570 834 Ξ.

151 878 241 912 Item
257 890 320 924 pro
339 877 508 924 stipendio
529 890 540 911 l
563 878 740 911 vehitione
761 877 796 911 in
819 878 979 912 curribus
1000 891 1011 912 l
1037 876 1255 925 impositione
1279 878 1317 911 111
1339 878 1482 912 cellario
1501 878 1572 913 Re-

196 936 249 982 gis
591 962 597 969 .
845 962 852 969 .
1164 962 1172 970 ,
1481 935 1528 983 xij
1548 940 1572 970 ἔ.

150 1004 242 1037 Item
262 1007 366 1050 empt'
385 1003 478 1050 apud
500 1002 736 1049 Hadingtoun
757 1016 768 1037 s
789 1003 844 1050 ijd⁰
865 1003 999 1050 Aprilis
1023 1017 1035 1038 Ι
1063 1004 1105 1038 de
1126 1003 1319 1038 willielmo
1338 1003 1467 1038 Fon-es
1486 1004 1506 1050 ij
1528 1004 1575 1038 la-

197 1082 278 1128 gine
297 1081 366 1128 vinj
388 1081 507 1128 elaretj
755 1107 762 1114 .
1012 1108 1019 1115 .
1266 1109 1273 1116 .
1470 1085 1527 1129 xvj
1547 1087 1573 1117 ἒ.

150 1161 243 1194 Item
262 1161 368 1206 empt'
386 1160 478 1207 apud
498 1159 692 1206 Linlithqw
712 1173 723 1193 s
743 1162 775 1206 vj
798 1160 932 1206 Aprilis
961 1173 972 1194 l
1005 1160 1047 1195 de
1074 1160 1129 1196 Ja.
1162 1160 1388 1196 Robertsoun
1412 1161 1427 1207 j
1460 1161 1577 1207 lagina

193 1238 208 1284 j
228 1240 378 1285 quartaj
398 1238 518 1285 pineta
536 1237 606 1284 vinj
905 1265 911 1272 .
1210 1266 1218 1272 .
1493 1240 1526 1287 xj
1547 1245 1573 1275 ἔ.

153 1317 243 1351 Item
263 1319 368 1364 empt'
387 1329 450 1363 per
470 1316 717 1350 Rotulatorem
752 1323 786 1350 et
818 1315 912 1351 miffe
939 1317 1056 1352 versus
1076 1318 1269 1365 Striueling
1288 1332 1299 1352 s
1318 1319 1432 1366 primo
1453 1318 1540 1366 Maij
1563 1332 1574 1352 t

200 1398 232 1442 vj
252 1393 460 1442 pounfiones
479 1395 549 1441 vinj
570 1394 636 1440 albj
657 1394 770 1429 locate
790 1396 825 1429 111
845 1395 986 1431 cellario
1005 1396 1102 1444 castrj
1122 1397 1166 1431 de
1186 1397 1379 1443 Striueling
1413 1398 1518 1444 xxxvj
1537 1398 1574 1432 fi.

154 1474 243 1508 Item
264 1474 369 1519 empt'
387 1473 433 1520 iiij
454 1471 662 1519 pounfiones
680 1474 752 1520 vinj
773 1473 891 1521 claretj
912 1475 1025 1509 locate
1044 1476 1080 1509 in
1099 1475 1195 1510 dieto
1213 1476 1356 1510 cellario
1435 1479 1517 1523 xxvj
1536 1477 1573 1510 fi.

154 1551 242 1585 Item
263 1553 369 1598 empt’
387 1564 449 1598 per
468 1551 618 1585 eundem
638 1551 659 1597 ij
686 1550 844 1598 terfingis
871 1553 940 1600 vinj
969 1554 1090 1601 claretj
1118 1554 1232 1588 locate
1263 1554 1300 1588 in
1331 1554 1473 1589 cellario
1493 1554 1574 1589 Mo-

200 1630 335 1677 nasterij
356 1629 484 1664 Sane‘oe
504 1629 628 1664 Crucis
648 1643 659 1664 l
679 1629 815 1664 decimo
835 1630 924 1678 Maij
945 1644 957 1665 l
976 1632 1125 1679 pricium
1242 1633 1311 1679 xvij
1331 1633 1356 1667 ii
1377 1633 1407 1679 vj
1429 1639 1443 1668 ἒ
1461 1634 1518 1680 viij
1538 1633 1572 1668 d.

153 1709 243 1744 Item
264 1708 363 1743 solut’
389 1721 452 1755 per
477 1707 677 1744 Johannem
705 1707 870 1755 Douglas
887 1722 952 1757 pro
970 1709 1189 1757 impositione
1220 1711 1242 1757 ij
1272 1710 1429 1758 teriingis
1448 1712 1517 1759 vinj
1537 1713 1575 1746 in

200 1788 341 1822 cellario
363 1787 565 1834 Monasterij
588 1800 599 1821 s
619 1792 653 1821 et
673 1787 824 1833 cariagio
843 1788 878 1821 111
899 1788 1058 1822 curribus
1077 1789 1120 1823 de
1141 1788 1245 1823 Leith
1259 1788 1378 1824 versus
1399 1789 1574 1835 Monaste-

200 1868 290 1901 rium
559 1892 567 1900 .
839 1892 846 1899 .
1118 1893 1125 1900 .
1387 1869 1407 1914 ij
1427 1872 1442 1902 ἔ
1461 1867 1518 1914 viij
1538 1868 1572 1902 d.

154 1945 243 1979 Item
264 1946 368 1991 empt’
387 1945 430 1978 de
448 1944 582 1978 Jacobo
602 1943 824 1979 Robertsoun
856 1944 890 1977 in
923 1943 1116 1990 Linlithqw
1139 1957 1146 1979 l
1167 1944 1245 1992 xiij⁰
1265 1944 1351 1992 Maij
1374 1959 1385 1979 s
1405 1946 1438 1992 iij
1459 1946 1574 1992 lagine

195 2024 208 2070 j
229 2029 352 2069 quarta
372 2023 440 2069 viiij
462 2023 580 2069 elaretj
602 2035 613 2057 l
633 2022 780 2068 prieium
801 2022 920 2069 1110ἃο
938 2023 984 2069 xij
1005 2023 1029 2057 d
1048 2036 1058 2057 l
1078 2036 1213 2057 summa
1325 2049 1333 2057 .
1446 2024 1527 2071 xxvj
1548 2029 1572 2058 Ξ.

152 2103 244 2136 Item
265 2103 371 2149 empt'
391 2115 452 2148 per
474 2101 721 2135 Rotulatorem
744 2113 755 2135 l
774 2101 899 2147 xxviijo
919 2100 1006 2148 Maij
1030 2101 1068 2147 Jj
1090 2102 1170 2149 pipa
1187 2101 1257 2148 viuj
1278 2102 1345 2149 albj
1374 2102 1469 2136 miffu
1499 2115 1575 2137 ver-

200 2182 254 2215 sus
272 2180 422 2226 burgum
442 2180 484 2214 de
504 2179 741 2226 Hadingtoun
762 2192 773 2214 ι
792 2179 939 2227 prieium
1205 2206 1213 2214 .
1473 2182 1517 2228 xij
1538 2183 1573 2216 11.

154 2261 244 2295 Item
264 2258 396 2306 empt'j
417 2256 545 2304 terslng
562 2258 633 2304 vinj
647 2257 773 2304 ,claret-j
796 2271 806 2292 Ι
825 2258 972 2305 pricium
1123 2284 1131 2292 .
1241 2258 1298 2306 viij
1318 2259 1341 2293 fi
1360 2259 1419 2306 xiij
1439 2264 1454 2294 ἔ
1472 2259 1518 2306 iiij
1538 2260 1572 2295 d.

155 2339 245 2374 Item
266 2339 371 2385 empt’
389 2350 452 2385 per
472 2336 721 2372 Rotulatorem
741 2349 753 2371 l
772 2337 855 2370 xxix
875 2335 962 2384 Maij
985 2349 996 2371 t
1012 2337 1033 2384 ij
1054 2336 1169 2383 lagine
1189 2337 1259 2384 vinj
1362 2363 1369 2370 .
1470 2337 1526 2384 xvj
1546 2342 1571 2372 Ξ,

825 2418 886 2449 2ss
