1861 2703
175 285 278 316 1525.
675 276 830 312 REGIS
856 277 1046 313 JACOBI
1073 279 1118 313 V.
1548 289 1590 320 31

174 377 311 425 pastillis
327 389 375 410 xx
392 386 498 422 panes
527 386 537 407 1
566 374 709 408 Summa
727 373 955 421 expenlarum
974 375 1010 421 ijc
1027 387 1049 409 v
1066 387 1173 422 panes
1201 390 1212 410 l
1241 377 1288 412 Et
1312 377 1356 413 fic
1382 379 1509 415 restant
1527 381 1590 414 ἦκα)

174 456 209 502 iJ'0
227 455 262 489 xl
280 465 396 502 panes.
448 457 761 488 BUTELLARIA.
800 452 858 487 De
885 451 1027 487 ceruifia
1046 466 1058 487 l
1087 455 1211 501 expen’
1231 455 1276 503 lvj
1296 456 1412 503 lagine
1435 460 1450 504 j
1470 465 1593 504 quarta

175 531 314 568 ceruifie
347 545 358 566 l
390 537 425 566 et
441 530 485 566 fic
502 530 629 565 restant
659 531 718 578 iiijc
736 536 787 565 vxx
806 543 828 565 v
846 531 961 577 lagine
982 531 1134 567 ceruifie.
1186 540 1401 577 COQUINA.
1441 536 1499 571 De
1517 550 1594 584 pre-

173 611 330 645 intratis!
346 610 470 656 expen'
488 609 548 655 iiijc
566 610 671 655 xxxvj
687 607 873 656 speldingis
898 622 908 643 s
927 610 962 656 ij‘
976 610 1085 645 alleca
1101 610 1183 646 salla
1203 626 1213 646 J
1234 613 1280 660 xij
1300 614 1461 649 mulones
1478 615 1564 661 aridj
1582 628 1592 649 s

173 690 207 735 iij
227 688 360 735 rigadia
377 687 475 722 arida
500 700 511 721 s
538 692 573 721 et
595 685 639 721 fic
658 686 785 721 restant
799 687 843 734 j<D
855 689 882 734 J'c
901 687 983 735 xlvij
1004 688 1114 723 alleca
1129 689 1213 724 salsa
1232 707 1242 723 l
1261 691 1334 738 viiJ'e
1351 691 1383 738 vj
1406 692 1566 727 mulones
1579 709 1590 726 l

172 768 207 813 ij‘
227 768 321 814 xxvij
341 766 474 813 rigadia
490 766 587 800 arida
605 779 616 800 s
635 765 715 800 xxm
733 765 780 812 iijc
799 771 849 800 vx*
868 766 915 813 iiij
942 765 1128 813 speldingis
1156 784 1167 800 l
1196 767 1254 802 De
1280 769 1481 815 preintratis
1501 784 1511 804 t
1532 784 1591 806 ex-

177 924 267 958 Item
286 924 391 970 empt'
408 923 444 956 ix
461 926 560 968 petre
587 921 691 967 butirj
720 920 815 966 price
840 921 874 966 iij
893 921 918 954 ii
936 920 982 966 xij
1003 926 1018 955 ἔ
1049 934 1060 954 s
1091 927 1125 955 et
1150 920 1194 956 fic
1222 922 1349 957 restant
1379 927 1462 971 xxxj
1494 932 1592 971 petre

169 1005 183 1048 j
203 1001 291 1036 libra
307 1001 412 1047 butirj
443 1012 454 1033 l
488 999 579 1033 Item
598 999 703 1045 empt'
724 997 774 1045 J‘D
791 1010 897 1044 poma
922 1003 956 1032 et
981 998 1058 1045 pira
1074 999 1169 1045 price
1187 999 1258 1046 xlvj
1278 1005 1293 1034 ἔ
1309 1000 1369 1047 viij
1388 1002 1413 1036 d
1439 1015 1451 1036 l
1479 1008 1513 1037 et
1537 1016 1594 1037 ex·

174 1080 254 1128 pen'
279 1076 461 1113 succeffiue
489 1090 500 1111 l
530 1076 621 1111 Item
654 1077 760 1123 empt’
787 1088 835 1109 xx
865 1075 1026 1110 mulones
1055 1082 1214 1112 recentes
1245 1091 1256 1111 s
1288 1083 1321 1112 vc
1338 1078 1448 1114 alleca
1470 1092 1588 1115 recen-

174 1159 222 1192 tia
241 1171 252 1191 l
270 1158 306 1205 ijc
324 1156 391 1204 albj
410 1156 516 1203 pisces
536 1168 546 1189 l
565 1155 660 1202 xxxij
688 1154 868 1201 merlingis
887 1168 898 1188 t
917 1155 940 1202 ij
960 1155 1128 1189 turbones
1147 1168 1158 1189 s
1177 1155 1199 1202 ij
1219 1156 1314 1190 ronis
1333 1169 1345 1190 l
1363 1157 1399 1204 iiJ'
1423 1157 1592 1193 salmones

174 1242 331 1271 recentes
350 1248 361 1269 s
380 1236 402 1282 ij
422 1234 548 1281 leingis
567 1247 578 1268 s
591 1234 605 1280 j
626 1233 696 1268 sole
716 1246 727 1267 J
746 1233 794 1280 iiij
814 1232 1018 1280 bronoscopj
1041 1247 1052 1267 l
1070 1233 1166 1280 xlviij
1186 1234 1305 1281 polupj
1327 1247 1338 1268 l
1356 1234 1392 1281 ijc
1406 1236 1563 1282 pectines
1579 1250 1591 1271 l

174 1315 194 1360 ij
216 1319 338 1360 quarte
355 1312 475 1360 pellok
494 1325 505 1346 J
523 1313 560 1346 in
578 1311 731 1346 fundolis
759 1325 770 1345 s
801 1311 975 1357 grenbans
1009 1325 1019 1345 l
1045 1312 1074 1358 jc
1091 1312 1127 1346 lx
1145 1312 1254 1347 bukes
1284 1325 1295 1346 t
1320 1312 1371 1359 jss'
1389 1313 1490 1348 ostria
1509 1328 1521 1348 s
1540 1315 1587 1362 iiij

175 1392 254 1438 luciJ'
277 1405 286 1425 s
306 1391 327 1438 ij
347 1391 462 1437 lagine
481 1388 620 1425 ceruifie
641 1403 651 1423 t
671 1389 708 1423 in
726 1389 876 1435 cariagio
909 1402 920 1423 s
950 1390 1034 1436 varij
1054 1390 1159 1437 precij
1189 1404 1200 1424 l
1229 1390 1372 1425 Summa
1392 1392 1451 1439 viij
1469 1393 1495 1428 fi
1513 1393 1560 1440 vij
1580 1398 1595 1427 ἔ

175 1484 197 1504 x
215 1470 239 1504 d
258 1482 268 1503 s
288 1474 322 1503 et
340 1469 463 1516 expen'
492 1481 503 1502 s
532 1467 589 1502 De
606 1467 807 1515 preintratis
828 1483 837 1499 s
859 1468 983 1514 expen’
993 1467 1007 1513 j
1028 1467 1132 1502 salmo
1151 1467 1253 1502 salsus
1273 1481 1283 1502 t
1303 1469 1359 1516 xvj
1386 1469 1495 1516 girlfis
1518 1485 1529 1505 t
1559 1477 1594 1506 et

177 1547 220 1581 fic
238 1546 375 1581 restant.

649 1622 792 1657 Summa
809 1622 880 1669 xiiij
899 1623 924 1657 fi
942 1622 974 1669 vj
995 1628 1010 1657 ἕ
1027 1623 1059 1669 vj
1079 1624 1114 1658 d.

226 1789 308 1818 DIE
333 1786 532 1817 VENERIS
550 1779 634 1814 xxiii
653 1779 846 1814 Februarii.
898 1785 1146 1815 PANETRIA.
1185 1778 1242 1813 De
1268 1781 1468 1827 preintratis
1497 1795 1508 1816 l
1538 1795 1594 1816 ex-

176 1861 254 1907 pen’
271 1862 308 1894 in
328 1860 503 1894 dominico
520 1861 554 1906 xj
574 1871 680 1906 panes
700 1872 710 1892 Ι
730 1859 773 1893 de
792 1859 943 1893 secundo
963 1858 991 1904 jc
1015 1863 1068 1891 vxx
1086 1869 1193 1904 panes
1221 1871 1232 1891 s
1261 1857 1404 1893 Summa
1427 1863 1454 1903 jc
1484 1865 1535 1894 vxx
1558 1862 1592 1906 xj

178 1950 283 1984 panes
315 1951 326 1971 s
355 1943 389 1971 et
419 1936 462 1971 fic
490 1936 617 1971 restant
647 1937 716 1970 ix(O
734 1936 808 1970 xlix
835 1948 952 1983 paneS.
1006 1942 1321 1972 BUTELLARIA.
1364 1936 1423 1971 De
1454 1938 1594 1973 ceruifia

179 2017 301 2062 expen'
320 2015 354 2049 lv
372 2015 488 2061 lagine
506 2014 539 2061 iij
557 2020 678 2059 quarte
693 2012 833 2048 ceruifie
854 2027 864 2047 l
884 2020 918 2048 et
936 2013 978 2047 fic
997 2013 1124 2047 restant
1140 2014 1202 2060 iiijc
1218 2014 1293 2048 xlix
1311 2014 1427 2061 lagine
1439 2018 1452 2058 j
1472 2022 1595 2062 quarta

179 2091 330 2128 ceruifie.
383 2098 595 2135 COQUINA.
639 2090 783 2138 Empt'j
804 2091 880 2125 caid
909 2091 1047 2138 sprottis
1074 2092 1168 2138 price
1196 2093 1268 2140 xiiij
1287 2097 1303 2128 ἔ
1332 2106 1342 2127 t
1373 2098 1407 2128 et
1438 2096 1561 2141 expen'
1581 2108 1592 2128 s

179 2170 237 2205 De
255 2171 455 2218 preintratis
474 2183 486 2204 s
506 2170 627 2217 expen’
647 2169 707 2216 iiiJ't
726 2169 834 2203 alleca
850 2168 932 2203 salsa
961 2182 971 2203 s
1002 2169 1048 2217 xij
1069 2169 1228 2204 mulones
1246 2170 1332 2217 aridj
1364 2183 1375 2204 l
1404 2171 1441 2219 iij
1460 2172 1593 2219 rigadia
