1861 2703
281 222 348 256 190
762 214 920 248 LIBER
948 213 1228 250 DOMICILII
1595 216 1699 248 1528.

284 314 374 348 Item
394 312 498 358 empt’
517 310 559 344 de
579 310 701 345 eodem
721 309 767 356 iiij
788 308 995 357 pounfiones
1013 310 1083 358 vinj
1103 310 1172 357 albj
1193 310 1277 357 nouj
1406 337 1414 345 .
1552 309 1648 356 xxiiij
1666 309 1703 344 fi.

287 391 376 424 Item
397 389 501 435 empt’
520 388 562 422 de
583 387 790 422 Alexandro
810 387 936 422 Couen
954 401 1038 436 erga
1055 390 1186 425 difflzam
1204 388 1441 437 prouifionem
1467 389 1488 436 ij
1522 389 1615 423 dolia
1632 388 1704 435 vinj

333 466 451 513 claretj
473 468 556 512 nouj
575 466 689 500 locata
707 465 742 499 in
761 465 855 500 diesto
876 465 1091 502 Monasterio
1110 480 1122 502 t
1140 467 1287 515 pricium
1437 492 1446 501 .
1555 466 1650 513 xlviij
1669 466 1706 501 Ῐί.

338 622 448 657 fiones
465 622 535 668 vinj
557 633 640 668 erga
658 620 788 655 Natale
804 633 815 654 l
829 620 853 656 5
855 621 994 656 011311ηο
1009 621 1171 668 Douglas
1188 621 1334 656 testante
1351 622 1591 669 receptionem
1608 621 1710 669 super

343 701 570 748 Compotum·

295 780 386 815 Item
406 778 505 813 solut’
523 790 586 825 per
606 777 855 812 Rotulatorem
881 790 945 824 pro
972 777 1192 812 extra&i0ne
1223 777 1307 824 dietj
1338 777 1409 824 vinj
1443 777 1485 811 de
1513 776 1660 824 cellarijs
1677 777 1713 811 in

346 856 451 892 Leith
471 869 483 890 l
501 856 681 891 vehitione
699 855 735 889 in
755 854 913 890 curribus
932 860 967 890 et
985 855 1136 902 cariagio
1155 855 1199 889 de
1217 854 1323 889 Leith
1340 853 1459 890 versus
1477 854 1687 901 Edinburgh
1702 867 1714 888 l

346 947 385 969 ac
403 932 619 982 impositione
638 934 673 967 in
692 933 832 968 cellario
854 933 962 979 Regis
1229 958 1239 967 .
1507 934 1566 979 xxj
1582 937 1597 967 ἓ
1614 931 1660 979 iiij
1680 932 1715 967 d.

300 1013 392 1048 Item
412 1013 516 1060 empt’
535 1012 578 1046 de
598 1011 759 1046 Roberto
779 1011 891 1058 Pauly
908 1011 1002 1058 apud
1026 1010 1219 1057 Striueling
1238 1024 1250 1045 l
1270 1010 1334 1058 iiij⁰
1351 1009 1509 1057 Januarij
1532 1023 1543 1044 t
1562 1023 1583 1044 v
1601 1009 1716 1056 lagine

348 1092 382 1138 iij
403 1096 525 1137 quarte
544 1091 614 1136 viuj
635 1089 700 1136 albj
723 1102 733 1123 s
754 1090 901 1136 pricium
919 1090 1038 1136 311ηᾶὶο
1056 1089 1103 1136 xij
1123 1089 1147 1124 d
1166 1102 1177 1124 s
1195 1102 1331 1123 summa
1465 1113 1474 1122 .
1600 1087 1671 1135 xlvj
1691 1092 1715 1122 ἔ.

304 1170 394 1204 Item
415 1169 519 1215 empt'
538 1168 584 1215 iiij
608 1168 723 1214 lagine
742 1167 762 1214 ij
783 1173 906 1213 quarte
924 1167 995 1214 vinj
1015 1166 1082 1213 albj
1105 1179 1116 1201 l
1134 1166 1281 1213 pricium
1431 1191 1439 1199 .
1568 1165 1673 1212 xxxvj
1693 1170 1718 1201 ἕ.

304 1249 394 1283 Item
415 1248 520 1294 empt’
538 1259 560 1281 v
578 1246 721 1293 laginej
741 1247 890 1292 quartaj
911 1245 1031 1292 31111613
1049 1243 1232 1279 confimilis
1250 1243 1321 1290 vinj
1458 1269 1465 1277 .
1602 1242 1674 1290 xliij
1694 1247 1720 1278 ἔ.

305 1327 394 1361 Item
416 1326 520 1373 empt'
541 1338 552 1359 s
571 1324 616 1371 vij
636 1323 795 1370 Januarij
817 1336 828 1357 s
848 1323 894 1370 iiij
914 1323 1031 1370 lagine
1049 1321 1120 1370 vinj
1140 1322 1207 1369 ale'
1229 1335 1240 1356 l
1259 1321 1407 1370 pricium
1580 1320 1676 1368 xxxij
1695 1326 1721 1356 ἔ.

305 1405 399 1439 Item
418 1403 524 1450 empt'
543 1402 585 1436 de
603 1401 626 1437 J
629 1401 767 1436 ohanne
787 1400 922 1435 Grame
941 1400 974 1446 iij
995 1399 1110 1447 lagine
1122 1399 1138 1448 j
1157 1404 1282 1446 quarta
1306 1401 1321 1447 3
1348 1399 1469 1446 pineta
1486 1398 1557 1446 vinj
1578 1397 1696 1445 claretJ'
1711 1411 1723 1432 l

354 1481 501 1529 pricium
520 1479 640 1527 31111610
658 1492 681 1512 x
698 1479 722 1514 d
741 1491 752 1512 l
772 1490 908 1512 summa
1106 1503 1114 1512 .
1310 1503 1319 1512 .
1514 1476 1584 1523 xxij
1605 1481 1620 1511 ἔ
1639 1478 1670 1524 vj
1689 1476 1723 1511 d.

313 1638 404 1672 Item
423 1637 528 1684 empt’
557 1635 600 1670 de
630 1634 793 1670 5011311110
812 1633 947 1669 Grame
967 1646 978 1667 l
997 1645 1093 1668 nono
1120 1632 1278 1680 Januarij
1301 1646 1313 1667 l
1331 1632 1366 1680 iij
1395 1632 1510 1679 lagine
1537 1632 1573 1679 iij
1604 1637 1727 1678 quarte

358 1715 429 1762 vinj
675 1739 683 1749 .
931 1737 939 1746 .
1184 1737 1193 1746 .
1438 1736 1447 1744 .
1613 1722 1684 1744 xxv
1701 1714 1727 1744 ἔ.

315 1796 407 1828 Item
426 1793 531 1840 empt'
550 1792 593 1826 de
612 1791 736 1826 eodem
756 1791 790 1838 iij
810 1790 925 1836 lagine
943 1789 977 1836 iij
997 1795 1120 1836 quarte
1137 1790 1209 1836 vinj
1229 1789 1347 1836 claretj
1459 1813 1467 1822 .
1613 1799 1685 1822 xxv
1703 1791 1728 1822 Ξ.

318 1873 409 1907 Item
429 1871 534 1918 empt'
553 1870 595 1904 de
615 1869 823 1904 Alexandro
842 1868 989 1902 Lamme
1007 1868 1044 1901 in
1062 1867 1168 1902 Leith
1198 1872 1233 1902 et
1259 1865 1354 1902 miffe
1371 1866 1488 1901 versus
1513 1864 1704 1911 Striueling
1718 1877 1730 1898 l

365 1952 416 1997 ij
434 1949 592 1995 Januarij
614 1961 624 1982 s
644 1948 676 1995 vj
697 1945 904 1994 pounfiones
922 1945 992 1992 vinj
1013 1945 1131 1992 claretj
1153 1958 1165 1979 l
1183 1944 1332 1992 pricium
1446 1969 1455 1977 .
1570 1941 1679 1988 xxxvj
1694 1941 1730 1976 ii.

323 2029 413 2063 Item
448 2028 553 2074 empt'
588 2026 631 2061 de
665 2025 688 2061 J
692 2026 829 2060 ohanne
865 2024 999 2059 Grame
1031 2036 1042 2057 t
1073 2023 1107 2070 xj
1142 2022 1300 2070 Januarij
1338 2035 1349 2056 l
1380 2023 1394 2068 3
1426 2021 1542 2068 lagina
1564 2020 1578 2067 3
1610 2024 1732 2066 quarta

369 2107 439 2152 vinj
685 2130 693 2138 .
963 2127 971 2136 .
1240 2125 1249 2135 .
1518 2097 1576 2145 viij
1599 2101 1614 2132 ἔ
1631 2096 1677 2144 iiij
1696 2095 1730 2130 d.

326 2185 416 2219 Item
435 2183 540 2230 empt’
558 2182 650 2229 apud
668 2180 861 2226 Linlithqw
881 2192 892 2214 s
912 2178 1010 2225 xviij⁰
1028 2177 1185 2224 Januarij
1216 2190 1227 2211 1
1254 2176 1297 2212 de
1326 2176 1460 2212 Jacobo
1490 2173 1732 2210 Robertsoune

373 2262 407 2308 iij
427 2261 542 2307 lagine
554 2260 568 2307 3
590 2265 712 2306 quarta
725 2260 738 2306 3
759 2258 878 2305 pineta
897 2256 966 2304 vinj
987 2256 1070 2304 nouj
1090 2254 1208 2302 claretj
1231 2268 1241 2289 l
1261 2254 1408 2302 pricium
1594 2250 1687 2298 xxvij
1706 2254 1731 2285 ἔ.
