1861 2703
282 289 328 321 20
729 285 886 321 LIBER
913 284 1192 321 DOMICILII
1584 290 1689 322 15525.

330 388 410 417 DIE
436 387 561 417 LUNE
580 393 650 415 xxv
668 381 885 417 Decembris.
938 389 1189 419 PANETRIA.
1242 380 1300 415 De
1318 381 1517 428 preintratis
1538 394 1548 415 l
1568 384 1692 430 expen'

281 461 317 493 in
336 459 509 493 dominico
522 459 551 505 jc
568 471 674 506 panes
701 472 712 493 t
742 459 833 494 Item
849 460 891 494 de
909 460 1060 494 secundo
1079 460 1202 506 expen’
1220 458 1281 505 iiijc
1297 458 1356 505 xiij
1372 471 1478 505 panes
1497 473 1508 493 s
1530 459 1619 494 Item
1635 473 1694 495 ex-

282 538 361 584 pen'
390 538 425 570 in
455 536 593 583 pastillis
622 536 671 583 iijc
698 536 793 584 lxxxj
825 550 931 584 panes
959 551 970 571 s
998 537 1141 572 Summa
1170 536 1397 583 expensarum
1428 536 1500 583 viijc
1529 537 1690 583 lxxxxiiij

281 628 387 662 panes
417 628 427 648 l
450 620 484 649 et
501 613 544 648 fic
569 613 697 648 restant
723 614 791 661 vjffl
810 615 858 662 iijc
875 621 926 649 vxx
943 627 989 649 xv
1006 627 1122 662 panes.
1174 620 1492 651 BUTELLARIA.
1545 613 1603 649 De
1622 627 1694 649 eer-

282 691 363 726 uifia
388 692 579 739 preintrata
600 706 611 726 s
631 693 754 739 expen’
767 692 796 739 jc
813 692 846 739 iij
867 692 982 739 lagine
995 691 1009 739 j
1029 696 1154 737 quarta
1179 689 1320 725 ceruifie
1341 705 1352 725 l
1371 697 1406 726 et
1432 691 1475 726 fic
1501 692 1628 727 restant
1645 694 1692 740 vj⁶

282 776 330 803 vxx
351 783 372 804 x
391 770 505 816 lagine
523 770 544 816 ij
569 775 690 816 quarte
710 769 849 805 ceruifie
877 784 888 804 l
918 770 1009 805 Item
1028 770 1133 816 empt'
1152 769 1195 803 de
1214 768 1407 804 Willielmo
1426 769 1692 817 Cwnynghame

283 856 316 884 et
329 848 532 894 Mergareta
542 847 563 883 J
567 847 785 882 ohnnestoun
796 846 1039 882 brafiatoribus
1054 848 1114 894 iiijc
1128 861 1175 882 xx
1188 847 1303 893 lagine
1316 846 1456 882 eeruifie
1471 848 1565 895 price
1580 849 1635 896 xvj
1644 849 1667 884 d
1681 863 1692 882 l

284 927 426 961 Summa
444 926 552 972 xxxiij
572 926 597 960 fi
615 926 647 972 vj
668 931 682 960 ἔ
699 926 756 972 viij
777 926 801 961 d
820 939 830 959 s
851 932 884 960 et
902 925 944 960 fic
962 925 1089 960 restant
1107 926 1143 959 in
1161 930 1237 960 toto
1249 925 1295 972 J'ffi
1308 925 1338 972 je
1356 939 1378 960 x
1397 926 1513 972 lagine
1533 927 1553 973 ij
1570 933 1692 972 quarte

283 1002 432 1038 ceruifie.
486 1010 698 1045 COQUINA.
752 1003 869 1050 Empt'
887 1003 932 1050 xij
953 1004 1108 1049 carcagia
1133 1008 1324 1037 mei-tarum
1354 1004 1449 1050 price
1467 1003 1524 1050 xxj
1543 1005 1568 1038 ii
1588 1005 1633 1051 xij
1654 1009 1692 1039 ἔ]

284 1083 326 1116 de
344 1081 467 1127 quibus
486 1082 609 1128 expen’
636 1081 671 1115 in
689 1081 865 1115 domicilio
883 1081 916 1127 iij
936 1086 1047 1115 merte
1059 1081 1098 1129 ἦ
1118 1086 1240 1127 quarta
1258 1086 1368 1115 merte
1387 1082 1534 1116 recentis
1561 1095 1572 1116 l
1603 1082 1691 1117 Item

284 1161 318 1192 in
336 1159 488 1193 liberatis
505 1158 549 1192 ad
567 1164 669 1192 extra
680 1158 695 1205 j
716 1163 827 1192 merta
856 1158 890 1204 iij
919 1163 1042 1204 quarte
1061 1164 1172 1193 merte
1190 1159 1339 1193 recentis
1359 1172 1369 1193 l
1390 1164 1424 1193 et
1441 1158 1484 1193 fic
1502 1158 1629 1193 restant
1647 1160 1691 1205 vij

282 1242 393 1271 inerte
405 1237 419 1283 j
440 1241 563 1282 quarta
580 1242 690 1271 merte
709 1237 858 1271 recentis
886 1250 897 1270 s
926 1236 1017 1270 Item
1037 1236 1079 1270 de
1098 1241 1148 1269 vxx
1167 1236 1200 1283 xj
1221 1236 1340 1271 mertis
1366 1236 1400 1283 iij
1430 1242 1552 1282 quarte
1583 1243 1693 1271 merte

282 1315 360 1349 salse
391 1313 555 1348 restantes
579 1314 701 1359 quinto
730 1313 938 1348 Decembris
956 1314 1133 1348 intrantur
1160 1313 1222 1348 isto
1253 1314 1308 1348 die
1336 1327 1347 1347 1
1376 1314 1466 1348 Item
1486 1316 1592 1361 empt'
1610 1315 1692 1361 xviij

282 1400 392 1427 merte
410 1405 489 1426 eum
509 1392 628 1426 corriis
654 1392 748 1439 price
780 1392 901 1438 xxxiiij
921 1392 946 1426 ii
965 1392 1011 1438 iiij
1033 1397 1048 1427 ἔ
1075 1405 1086 1425 l
1116 1391 1205 1425 Item
1238 1392 1356 1425 intrat’
1383 1391 1441 1438 viij
1473 1397 1583 1426 merte
1615 1405 1692 1426 cum

283 1472 402 1506 eorriis
419 1470 640 1518 proprietatis
655 1470 697 1504 de
716 1469 927 1516 Kynclewin
956 1482 966 1503 t
995 1469 1139 1503 Summa
1155 1469 1257 1503 huius
1270 1469 1434 1503 introitus
1446 1469 1475 1515 jc
1493 1469 1562 1516 xvij
1583 1476 1693 1505 merte

283 1550 316 1595 iij
337 1553 458 1594 quarte
477 1553 586 1581 merte
607 1561 617 1580 s
638 1547 680 1581 de
710 1547 834 1593 quibus
861 1547 987 1594 expen'
1018 1547 1054 1580 in
1084 1546 1260 1580 domicilio
1288 1546 1322 1592 iij
1341 1552 1452 1581 merte
1471 1547 1549 1581 salse
1569 1561 1580 1581 s
1599 1553 1634 1582 et
1652 1547 1694 1582 fic

282 1626 408 1660 restant
421 1625 448 1671 jc
466 1637 512 1659 xv
529 1629 640 1658 merte
655 1624 688 1670 iij
704 1630 825 1669 quarte
844 1624 923 1658 salse
952 1638 962 1658 t
991 1624 1049 1658 De
1068 1624 1266 1671 preintratis
1285 1637 1296 1658 l
1316 1626 1440 1671 expen’
1457 1624 1518 1659 xlv
1532 1631 1694 1659 mutones

282 1704 315 1750 iij
337 1708 458 1749 quarte
479 1715 489 1736 l
509 1707 543 1736 et
560 1701 603 1736 fic
634 1714 720 1747 eque
750 1715 760 1735 s
790 1701 881 1735 Item
912 1703 1017 1748 empt’
1046 1702 1134 1736 lxxx
1162 1706 1324 1735 mutones
1353 1702 1448 1748 price
1474 1702 1531 1748 xxj
1563 1702 1588 1737 fi
1618 1703 1650 1749 vj
1679 1709 1694 1737 ἔ

282 1781 339 1827 viij
359 1782 383 1816 d
402 1794 413 1814 s
432 1786 467 1814 et
484 1779 611 1814 restant
639 1793 650 1813 s
678 1779 736 1814 De
754 1780 954 1826 preintratis
975 1793 985 1813 t
1005 1780 1128 1826 expen’
1159 1792 1180 1813 x
1210 1779 1353 1826 poreellj
1382 1785 1433 1813 vxx
1454 1780 1468 1826 j
1496 1779 1657 1827 pluuiarij
1680 1794 1691 1813 s

283 1866 316 1894 et
342 1858 383 1891 fic
410 1871 496 1904 eque
525 1871 536 1891 s
564 1857 622 1891 De
649 1858 850 1904 preintratis
871 1871 882 1891 s
903 1859 1028 1905 expen’
1056 1857 1078 1904 ij
1109 1863 1207 1904 petre
1239 1857 1295 1904 viiJ'
1326 1857 1412 1892 libre
1440 1857 1544 1904 butirj
1566 1871 1577 1892 s
1597 1863 1632 1892 et
1650 1857 1692 1892 fic

282 1937 407 1971 restant
426 1936 485 1982 xxj
505 1941 603 1982 petre
622 1948 667 1970 xv
686 1935 774 1970 libre
792 1935 895 1982 butirj
926 1949 937 1969 s
965 1935 1023 1970 De
1049 1935 1249 1982 preintratis
1268 1947 1279 1968 s
1299 1935 1422 1981 expen'
1439 1934 1510 1981 viijc
1528 1948 1597 1970 oua
1615 1952 1624 1968 ι
1646 1936 1692 1981 iijc

281 2028 383 2061 poma
402 2020 436 2048 et
454 2014 528 2060 pira
549 2027 560 2047 l
580 2019 614 2048 et
642 2012 685 2048 fic
713 2013 840 2048 restant
867 2013 918 2060 ij(D
936 2019 969 2048 vc
987 2026 1055 2048 oua
1074 2026 1085 2047 1
1098 2012 1144 2060 jffl
1161 2013 1231 2060 viijc
1257 2012 1294 2047 lx
1319 2025 1423 2060 poma
1441 2018 1475 2047 et
1493 2013 1567 2060 pira
1594 2026 1606 2046 l
1634 2013 1691 2047 De

281 2091 479 2138 preintratis
498 2104 510 2124 s
530 2092 653 2137 expen'
680 2091 702 2137 lj
723 2091 873 2138 cuniculj
895 2105 906 2125 J
926 2096 960 2125 et
989 2089 1030 2125 fic
1058 2104 1144 2137 eque
1173 2104 1183 2125 t
1212 2090 1270 2125 De
1287 2091 1488 2138 preintratis
1506 2104 1517 2124 l
1537 2091 1688 2137 expen’j

282 2169 412 2203 vitulus
430 2180 576 2214 magnus
588 2168 629 2215 jss2
647 2175 769 2214 quarta
789 2182 799 2202 s
819 2174 853 2203 et
870 2168 913 2203 fic
931 2182 1018 2214 eque
1046 2182 1057 2202 s
1087 2168 1178 2202 Item
1197 2168 1302 2214 empt'
1320 2168 1356 2202 ix
1374 2168 1530 2215 perdices
1549 2181 1560 2201 t
1581 2181 1601 2203 x
1616 2169 1692 2215 plu-

282 2246 381 2292 uiarij
405 2260 415 2280 s
435 2246 456 2293 ij
476 2246 558 2292 gallj
579 2246 668 2292 nigrj
690 2259 701 2280 s
721 2246 754 2292 iij
776 2252 873 2293 petre
902 2246 974 2293 cepj
997 2246 1036 2293 JJ'
1057 2251 1159 2293 caput
1181 2245 1253 2292 aprj
1275 2259 1286 2279 l
1306 2245 1340 2280 ix
1359 2245 1502 2291 hogchis
1521 2258 1532 2278 l
1551 2257 1573 2278 v
1590 2244 1690 2278 fillat-
