1861 2703
175 230 279 263 1525.
659 222 816 258 REGIS
842 222 1031 259 JACOBI
1061 223 1107 258 V,
1525 227 1588 259 101

224 324 348 359 ano
369 321 594 356 DECEMBms
624 332 636 354 l
665 319 765 366 Rege
791 325 997 354 remanente
1025 320 1060 354 in
1090 319 1297 367 Edinburgh
1319 334 1330 355 l
1350 322 1473 368 expen’
1492 322 1592 368 super

173 403 204 450 vj
222 402 316 448 equis
331 399 476 445 Dominj
496 398 603 444 Regis
619 411 629 432 s
644 397 717 444 iiijor
726 398 822 444 equis
843 397 999 445 Magistrj
1022 398 1153 445 Stabulj
1176 416 1186 432 l
1207 399 1227 446 ij
1251 398 1408 447 Magistrj
1434 400 1563 434 Auerie
1581 415 1590 433 s

172 480 280 515 tribus
299 478 425 525 Clericj
447 477 704 524 Compotorum
725 493 735 510 s
756 476 789 524 iij
810 477 906 523 equis
922 476 1106 524 Senescallj
1128 477 1273 525 Dominj
1297 478 1404 525 Regis
1424 479 1487 513 viz.
1512 479 1593 513 Wil-

171 557 275 604 iielmj
296 555 489 602 Striueling
506 554 729 589 ministrantis
748 555 783 589 in
802 555 897 590 dieto
917 555 1033 590 officio
1053 556 1095 590 de
1114 557 1278 590 mandato
1295 556 1441 605 Dominj
1458 557 1565 604 Regis
1581 572 1590 591 s

169 636 191 682 ij
213 634 394 681 Senescallj
424 633 603 680 Domicilij
627 646 637 667 s
657 633 810 679 quinque
840 634 936 680 equis
966 633 1186 668 Seruitorum
1214 634 1347 683 Stabulj
1369 649 1379 670 t
1398 636 1419 683 ij
1443 636 1589 682 Robertj

170 712 241 747 Gib
262 726 272 746 s
292 713 313 760 ij
336 711 515 759 Willielmj
537 711 630 745 Wod
651 727 661 745 l
681 711 702 758 ij
734 710 880 758 Henricj
912 711 1044 758 Kempt
1063 728 1073 745 s
1094 712 1114 758 ij
1138 712 1321 759 Archicocj
1353 713 1460 760 Regis
1481 728 1491 748 s
1513 728 1591 749 nec-

170 803 241 824 non
256 791 352 836 equis
366 789 538 826 Johannis
554 789 673 836 Bayne
685 789 920 836 sumpterman
938 802 948 824 l
965 789 1067 836 Fabrj
1085 803 1096 824 l
1114 789 1381 825 Abbreuiatoris
1400 791 1591 839 Compoto-

170 882 246 903 rum
270 882 277 904 l
299 867 425 914 Clericj
446 867 592 914 Dominj
615 867 836 901 Rotulatoris
852 880 862 901 s
878 866 1050 902 Johannis
1071 866 1219 914 Mul-ray
1236 880 1247 902 s
1265 867 1363 915 Paulj
1380 868 1565 904 Galbraith
1581 888 1589 903 s

168 947 189 982 J
195 947 340 980 ohannis
370 945 525 980 M⁰crere
554 945 639 992 fatuj
674 958 685 979 s
716 943 873 992 Magistrj
903 944 926 980 J
929 945 1025 992 acobj
1062 944 1217 980 Haswell
1248 946 1415 994 capellanj
1446 948 1591 995 Dominj

171 1024 278 1069 Regis
298 1037 309 1057 s
328 1023 501 1059 Johannis
520 1021 754 1057 Donaldsoun
772 1023 807 1056 in
827 1023 946 1057 aueria
966 1036 976 1057 1
995 1036 1035 1058 ac
1054 1023 1189 1058 duobus
1208 1024 1304 1070 equis
1322 1038 1386 1072 pro
1405 1025 1542 1060 botonis
1561 1036 1593 1061 et

170 1101 293 1136 balistis
305 1101 475 1148 gestandis
484 1114 494 1135 s
503 1101 559 1148 quj
574 1101 652 1135 sunt
666 1101 701 1135 in
713 1113 862 1136 numero
874 1101 959 1149 xliiij
975 1103 1052 1149 equj
1064 1115 1075 1136 s
1085 1102 1300 1149 capientibus
1312 1104 1486 1150 duplicem
1499 1118 1595 1140 men-

169 1179 282 1213 suram
298 1192 308 1213 s
322 1179 583 1213 remanentibus
595 1179 630 1213 in
647 1179 859 1226 Edinburgh
872 1193 891 1213 a
906 1179 1001 1214 dicto
1017 1179 1072 1214 die
1087 1180 1201 1227 primo
1209 1180 1416 1215 Decembris
1432 1182 1595 1217 inclufiue

172 1256 275 1303 vsque
288 1258 438 1304 primum
454 1256 612 1304 Jauuarij
631 1256 802 1292 exclufiue
813 1270 823 1291 s
836 1257 892 1304 quj
910 1256 986 1291 sunt
998 1257 1080 1304 xxxj
1098 1258 1169 1292 dies
1183 1271 1194 1292 l
1212 1259 1428 1306 capientibus
1440 1260 1474 1294 in
1490 1262 1595 1295 nocie

173 1348 192 1368 v
213 1335 322 1369 bollas
344 1335 364 1382 ij
394 1335 526 1369 firlotas
553 1347 744 1369 auenarum
765 1351 775 1368 s
795 1347 930 1370 summa
957 1349 980 1369 x
1007 1336 1123 1371 celdre
1140 1349 1163 1370 x
1181 1336 1275 1371 bolle
1294 1337 1315 1384 ij
1336 1337 1451 1372 firlote
1470 1352 1596 1373 auena-

174 1425 250 1447 rum
271 1413 370 1447 firme
389 1413 432 1447 de
451 1413 522 1447 Fiff
545 1426 556 1447 s
586 1412 677 1447 Item
697 1412 797 1447 solut’
816 1413 852 1447 in
870 1413 981 1461 gagijs
1000 1414 1102 1448 dietis
1122 1415 1218 1460 equis
1236 1427 1298 1462 per
1317 1415 1408 1450 idem
1428 1421 1564 1464 tempus
1586 1432 1595 1450 s

173 1491 388 1539 capientibus
407 1492 442 1525 in
461 1491 568 1526 nocte
586 1491 657 1538 xiiij
678 1495 693 1525 ἔ
710 1491 768 1538 viij
788 1491 811 1526 d
832 1505 843 1526 l
862 1505 999 1526 summa
1015 1493 1085 1540 xxij
1106 1493 1130 1527 fi
1150 1494 1221 1540 xiiij
1242 1498 1257 1528 ἔ
1274 1494 1332 1541 viij
1352 1494 1376 1529 d
1403 1508 1414 1529 s
1444 1495 1533 1529 Item
1561 1496 1596 1528 in

172 1583 261 1618 pane
281 1570 408 1616 equino
427 1570 501 1617 iiij⁰r
520 1570 616 1616 equis
635 1569 783 1617 Dominj
802 1570 911 1616 Regis
929 1583 991 1618 per
1010 1571 1143 1606 dietum
1159 1577 1296 1619 tempus
1310 1573 1594 1621 suprascriptums

172 1648 386 1696 capientibus
404 1649 440 1683 in
460 1648 515 1683 die
533 1648 590 1695 xvj
611 1647 635 1682 d
654 1661 665 1683 s
684 1661 820 1683 summa
837 1649 884 1696 xlj
905 1654 920 1683 ἕ
938 1649 984 1696 iiij
1004 1649 1038 1684 d.

588 1726 731 1761 Summa
749 1728 897 1774 pecunie
915 1727 1010 1775 xxiiij
1029 1728 1054 1762 ii
1073 1727 1129 1775 xvj
1150 1733 1176 1763 ἔ.

222 1883 348 1918 ΡηΙΜο
367 1883 552 1918 JANUARII
581 1896 592 1917 l
621 1883 722 1930 Rege
741 1890 946 1919 remanente
972 1885 1008 1918 in
1035 1884 1246 1932 Edinburgh
1267 1899 1278 1920 s
1298 1887 1421 1933 expen’
1439 1886 1540 1934 super
1561 1888 1590 1932 vj

173 1962 268 2008 equis
283 1959 433 1995 eiusdem
451 1961 710 1996 remanentibus
725 1961 851 1996 ibidem
868 1975 888 1995 a
900 1962 995 1996 dieto
1010 1963 1123 2009 primo
1137 1962 1160 1998 J
1162 1963 1293 2011 anuarij
1310 1962 1474 1999 inclufiue
1489 1964 1593 2011 vsque

171 2040 322 2088 primum
344 2038 522 2086 Februarij
544 2037 716 2074 exclufiue
737 2052 747 2074 l
767 2039 823 2087 quj
852 2040 931 2074 sunt
956 2041 1101 2087 triginta
1119 2047 1153 2075 et
1170 2054 1240 2076 vna
1257 2042 1329 2076 dies
1348 2055 1360 2076 l
1379 2043 1592 2090 capientibus

172 2118 348 2165 duplicem
368 2117 563 2152 mensuram
583 2118 798 2165 capientibus
817 2118 852 2152 in
871 2119 977 2154 nocte
997 2120 1031 2167 iij
1051 2119 1184 2154 firlotas
1199 2133 1391 2155 auenarum
1408 2134 1418 2155 1
1434 2125 1588 2168 summnj

172 2195 287 2231 celdra
305 2196 350 2244 vij
371 2195 491 2243 bollej
511 2196 628 2231 firlota
657 2209 849 2231 alienarum
870 2197 912 2232 de
932 2197 1002 2232 Fiff
1026 2211 1037 2232 t
1066 2197 1156 2232 Item
1187 2198 1224 2232 in
1253 2199 1362 2246 gagi-js
1390 2198 1459 2246 fenj
1490 2199 1590 2234 dietis

172 2275 267 2321 equis
285 2287 348 2322 per
365 2274 457 2309 idem
475 2279 613 2322 tempus
631 2274 665 2321 iij
683 2275 709 2310 fi
727 2274 750 2322 ij
770 2279 785 2310 ἒ
811 2287 823 2309 l
851 2275 898 2310 Et
926 2276 1051 2324 expen’
1079 2276 1181 2325 super
1206 2276 1281 2324 iiijor
1307 2277 1403 2323 equis
1431 2276 1588 2324 Magistrj
