1861 2703
159 246 263 279 1528.
643 239 798 275 REGIS
824 239 1013 275 JACOBI
1041 239 1087 274 V.
1510 244 1578 279 119

159 340 282 388 expen’
300 339 335 385 ijc
352 338 460 385 lxxxij
479 349 586 385 panes
613 349 624 371 t
655 337 746 372 Item
772 337 809 371 in
836 336 976 384 pastillis
993 336 1087 384 xxvij
1108 349 1215 384 panes
1242 354 1253 370 l
1281 337 1426 372 Summa
1449 349 1577 384 expen-

159 419 271 453 sarum
289 417 325 464 ij*
342 421 393 451 ν’*
411 416 447 450 ix
464 428 570 463 panes
605 428 612 451 t
646 420 680 450 et
707 414 750 450 fic
775 414 903 450 restant
920 415 990 449 ix‘s'
1008 415 1055 449 ixc
1073 421 1124 451 vxx
1143 416 1212 463 xvij
1232 428 1350 463 panes.
1403 422 1578 453 BUTEL-

159 503 289 533 ARIA.
328 495 465 542 Expen’
491 494 599 542 lxxiiij
633 494 748 541 lagine
779 494 814 541 iij
846 498 969 540 quarte
1000 492 1141 528 ceruifie
1162 507 1173 528 s
1193 498 1228 528 et
1257 492 1300 529 fic
1331 507 1417 541 eque
1447 507 1458 528 1
1487 494 1578 529 Item

159 576 264 622 empt'
282 574 317 622 ijc
335 574 450 621 lagille
469 573 610 608 ceruifie
628 573 671 608 de
692 573 853 608 Roberto
875 572 967 607 Wod
994 570 1179 607 brafiatore
1202 572 1299 620 xxiiij
1318 573 1343 607 fi
1364 586 1375 607 s
1395 572 1437 607 de
1456 572 1579 618 quibus

160 654 283 700 expen'
301 652 335 699 iij
356 652 472 699 lagine
493 665 504 686 s
524 658 558 686 et
576 650 619 686 fic
638 651 767 686 restant
790 653 817 698 j·
836 657 887 686 vxx
906 651 975 699 xvij
1008 651 1125 698 lagine
1156 650 1307 686 ceruifie.
1361 657 1580 693 COQUINA.

161 731 278 778 Empt’
296 744 317 765 v
335 730 493 776 carcagia.
509 735 701 764 mertarum
721 730 741 777 ij
761 735 885 776 quarte
904 730 961 777 viij
981 730 1005 765 ii
1025 729 1106 776 xviij
1127 733 1141 763 ἕ
1161 743 1172 763 l
1194 730 1237 763 de
1256 729 1380 775 quibus
1403 729 1527 776 expen’
1545 729 1579 775 iij

160 811 298 856 mertej
317 814 442 855 quarta
459 812 569 842 merte
598 821 609 841 l
638 807 730 843 Item
759 809 865 855 empt'
896 807 1002 854 xxviij
1023 812 1186 841 mutones
1204 807 1248 854 vij
1268 807 1292 841 fi
1313 807 1347 840 ix
1365 811 1380 841 ἔ
1398 806 1443 853 iiij
1464 806 1488 841 d
1508 819 1519 840 l
1539 806 1581 840 de

161 887 285 934 quibus
303 888 428 934 expen'
445 886 539 933 xxvij
560 891 723 921 mutones
740 886 790 933 ij353
807 891 930 931 quarte
951 899 962 919 s
982 890 1016 919 et
1035 883 1079 919 fic
1096 884 1225 919 restant
1243 885 1264 931 ij
1282 884 1419 931 mertej
1435 889 1558 930 quarta
1571 897 1581 917 s

157 967 198 1015 j}
215 971 339 1013 quarta
356 970 541 1000 mutonum
571 978 582 999 t
611 964 704 999 Item
723 964 856 1012 empt’j
883 963 1015 998 vitulus
1043 975 1193 1010 magnus
1211 963 1282 1010 xiiij
1302 968 1318 998 ἔ
1337 976 1347 997 l
1366 968 1401 997 et
1431 963 1555 1009 expen’
1572 975 1582 995 s

164 1045 255 1079 Item
274 1044 380 1091 empt’
406 1043 427 1090 ij
455 1042 599 1090 porcellj
634 1056 645 1077 s
673 1045 779 1090 xxxvj
807 1055 893 1077 auce
920 1041 1048 1077 solares
1080 1056 1091 1076 l
1119 1041 1227 1089 xxviij
1259 1041 1583 1089 pulljgallinarums

162 1123 242 1170 xxvj
263 1122 379 1170 pultre
400 1135 410 1156 s
430 1121 512 1169 xviij
533 1133 684 1169 capones
705 1121 744 1168 sj
766 1133 851 1168 capo
869 1120 982 1169 pastus
1002 1134 1013 1155 l
1032 1120 1114 1168 xxvj
1135 1133 1217 1155 aues
1236 1119 1386 1154 morales
1406 1133 1417 1153 Ι
1436 1120 1468 1166 vj
1489 1120 1584 1154 cuni-

163 1202 229 1249 cnlj
252 1215 263 1236 s
281 1202 328 1248 xij
347 1200 510 1248 pluuiarij
532 1214 543 1234 l
562 1200 598 1234 ix
616 1199 719 1247 snipis
739 1214 750 1234 l
769 1200 803 1248 iij
825 1200 902 1235 telis
921 1214 932 1234 s
951 1200 1008 1247 viij
1023 1199 1143 1247 lingue
1157 1199 1286 1234 bonine
1307 1212 1317 1233 1
1337 1212 1358 1233 v
1377 1198 1464 1232 libre
1483 1198 1557 1245 cepi
1573 1211 1583 1231 l

162 1282 198 1315 in
217 1279 367 1326 mugatis
387 1293 398 1313 s
418 1284 452 1314 et
480 1278 627 1326 pedibus
656 1278 794 1313 bouinis
815 1292 825 1313 l
845 1279 928 1326 varij
949 1279 1056 1326 precij
1086 1292 1097 1313 l
1126 1278 1269 1314 Summa
1288 1277 1346 1325 viij
1365 1277 1389 1311 ii
1409 1276 1442 1323 xj
1462 1281 1477 1312 's‘
1494 1276 1515 1324 ij
1535 1277 1559 1312 d
1576 1289 1584 1310 l

1014 1357 1058 1364 00·-

312 1436 356 1444 .·-.

637 1514 781 1549 Summa
797 1514 871 1550 xlix
888 1515 912 1550 ii
930 1515 977 1562 xij
996 1519 1011 1550 ἕ
1028 1515 1061 1561 vj
1081 1514 1115 1550 d.

215 1679 297 1709 DIE
322 1677 451 1708 LUNE
477 1670 602 1706 vltimo
622 1670 784 1718 Augusti.
836 1677 1090 1708 PANETRIA.
1128 1671 1188 1706 De
1214 1671 1415 1719 preintratis
1434 1684 1445 1705 t
1466 1672 1589 1718 expen'

168 1752 203 1799 ijc
221 1751 306 1798 lxiiij
326 1762 434 1797 panes
461 1762 472 1783 l
502 1748 593 1784 Item
613 1750 738 1796 expen’
756 1749 793 1784 in
810 1750 950 1798 pastillis
977 1750 1059 1798 xxxj
1093 1762 1200 1798 panes
1228 1763 1239 1783 t
1267 1749 1411 1784 Summa
1429 1748 1590 1797 expensa-

169 1843 246 1866 rum
266 1829 301 1876 ijC
319 1829 452 1862 lxxxxv
470 1839 579 1875 panes
598 1841 609 1861 l
629 1832 664 1863 et
681 1827 724 1863 fic
742 1827 870 1863 restant
886 1829 953 1862 ixffi
967 1829 1026 1876 vije
1040 1829 1110 1876 xxij
1126 1841 1244 1876 paneS.
1298 1835 1589 1865 BUTELARIA.

172 1908 308 1954 Expen'
326 1906 410 1941 lxxv
428 1905 570 1952 laginej
591 1911 714 1951 quarta
733 1905 873 1941 ceruifie
895 1919 902 1941 l
925 1912 959 1941 et
976 1906 1019 1942 fic
1038 1907 1165 1942 restant
1178 1907 1206 1954 jc
1224 1906 1272 1955 xlj
1289 1907 1404 1954 lagine
1418 1907 1452 1955 iij
1467 1913 1588 1954 quarte

172 1983 325 2021 ceruifie.
378 1990 595 2027 COQUINA.
624 1983 681 2018 De
694 1984 896 2030 preintratis
912 1998 922 2019 s
939 1986 1064 2032 expen'
1082 1985 1104 2033 ij
1119 1992 1230 2020 merte
1244 1987 1258 2033 j
1274 1991 1397 2032 quarta
1408 1985 1450 2033 j}
1467 1991 1591 2032 quarta

171 2062 326 2097 mutonis
346 2074 358 2096 l
378 2067 412 2096 et
430 2061 472 2096 fic
491 2074 579 2108 eque
610 2073 618 2095 1
649 2061 740 2096 Item
768 2063 873 2109 empt’
892 2076 913 2097 v
932 2069 1042 2098 merte
1061 2064 1219 2099 l1erba.es
1237 2064 1294 2111 viij
1314 2065 1339 2099 fi
1367 2078 1379 2098 s
1406 2064 1449 2099 de
1466 2064 1591 2111 quibus

173 2141 297 2188 expen’
314 2138 377 2188 iiss
394 2145 517 2186 quarte
534 2138 557 2187 —12-
576 2140 646 2175 eost
667 2152 674 2175 t
696 2145 730 2175 et
748 2139 792 2175 fic
809 2140 937 2176 restant
963 2142 1010 2189 iiij
1040 2148 1152 2178 merte
1179 2142 1203 2190 ὲ
1233 2142 1302 2179 eost
1320 2148 1431 2178 merte
1459 2157 1471 2178 l
1499 2143 1591 2179 Item

1239 2221 1284 2228 22--

173 2297 219 2344 iiij
240 2296 263 2332 d
283 2309 294 2330 t
313 2301 348 2331 et
367 2297 490 2343 expen’
519 2310 530 2331 l
559 2296 652 2332 Item
680 2297 786 2345 empt’
816 2297 901 2346 xliiij
929 2298 1226 2346 pulligallinarum
1247 2313 1259 2335 s
1277 2302 1336 2347 xxj
1355 2299 1471 2348 pultre
1493 2312 1501 2336 t
1520 2313 1591 2335 xxx
