1861 2703
146 321 221 344 seriae
233 321 282 351 ing.

295 220 368 252 214-
767 215 926 250 LIBER
955 215 1234 250 DOMICILII
1612 219 1713 254 15Q9.

370 318 452 348 DIE
477 316 715 347 MERCURII
755 311 839 346 xviii
868 311 1028 357 Augusti.
1091 317 1342 347 PANETRIA.
1400 311 1457 345 De
1485 311 1687 357 preintratis
1707 324 1717 343 s

306 391 430 437 expen’
451 389 479 436 j⁶
509 389 580 436 lxvj
611 402 719 436 panes
747 390 782 423 in
817 389 993 423 dominico
1025 395 1059 424 et
1087 388 1238 423 seeundo
1272 402 1282 422 s
1314 394 1348 423 et
1379 388 1422 423 fic
1453 388 1580 423 restant
1606 388 1655 434 j‘s’
1684 387 1719 433 ij·

305 470 340 504 lx
368 480 485 516 paneS.
536 472 828 503 BUTELARIA.
869 466 927 501 De
958 467 1151 513 preintrata
1181 466 1322 500 eeruifia
1353 467 1476 514 expen'
1506 466 1576 512 xlvj
1605 466 1721 511 lagine

305 547 327 593 ij
356 551 478 592 quarte
506 543 646 579 ceruifie
683 557 694 578 s
731 550 765 578 et
798 544 842 579 fic
876 544 1003 578 restant
1038 544 1073 590 if
1108 543 1181 591 xliij
1217 543 1333 590 lagine
1362 544 1375 590 j
1413 550 1536 590 quarta
1570 543 1721 577 ceruilie.

305 628 519 667 COQUINA.
562 622 619 657 De
633 622 661 669 jc
680 622 777 656 lxxix
796 621 996 656 mulonibus
1027 622 1131 655 aridis
1158 621 1364 656 restantibus
1394 623 1430 655 in
1461 622 1610 667 antiquis
1628 621 1724 655 libris

304 703 483 736 intrantur
502 707 537 736 et
555 701 806 748 expenduntur
825 700 886 734 isto
906 700 961 734 die
980 700 1062 746 xxiij
1085 698 1245 734 mulones
1264 699 1351 733 aridi
1381 713 1391 733 s
1421 705 1455 734 et
1486 698 1528 733 fic
1559 699 1684 733 restant
1697 698 1724 745 jc

306 781 352 828 lvj
373 780 535 815 mulones
554 779 639 826 aridj
671 793 680 813 s
711 779 802 814 Item
822 780 928 826 einpt'
946 778 982 826 ijc
1000 777 1066 824 albj
1087 777 1194 824 pisces
1213 791 1224 811 l
1244 777 1304 824 iiij‘
1322 777 1430 812 alleca
1450 790 1460 811 s
1481 777 1537 823 viij
1557 776 1726 811 liilmones

309 864 465 893 recentes
485 871 496 892 s
516 860 548 905 vj
568 856 739 891 salmones
757 856 829 891 salli
850 870 860 890 s
882 858 914 903 xj
934 855 1044 903 girlfis
1064 869 1074 889 Ι
1089 855 1116 902 j
1135 869 1206 889 xxx
1224 855 1407 902 sperlingis
1428 868 1438 889 t
1459 854 1494 901 ijc
1512 853 1698 901 speldingis
1715 868 1726 888 s

309 937 390 984 xviij
412 935 562 971 msfifche
583 950 593 970 s
613 936 649 969 in
669 935 866 982 pe&inibus
887 948 896 968 s
917 940 951 969 et
970 934 1072 968 trutis
1098 933 1310 967 torrentium
1341 946 1352 966 t
1384 933 1429 967 Et
1449 932 1607 966 Domino
1636 931 1728 978 Regi

308 1015 415 1061 xxxiij
436 1014 735 1062 pnlligallinarum
757 1027 768 1048 s
789 1014 846 1060 viij
875 1013 992 1060 pultre
1013 1026 1023 1046 s
1043 1025 1065 1046 x
1089 1024 1238 1059 capones
1267 1024 1277 1045 s
1307 1013 1340 1058 vj
1372 1023 1454 1045 aues
1484 1010 1634 1044 morales
1650 1023 1661 1044 l
1681 1010 1727 1057 iiij

309 1093 390 1140 gallj
411 1092 503 1139 nigrj
524 1105 535 1126 s
555 1092 599 1139 vij
620 1091 783 1138 pluuiarij
819 1104 829 1125 l
859 1104 905 1124 xx
937 1090 1088 1136 cuniculj
1111 1102 1121 1124 l
1141 1089 1177 1123 in
1195 1088 1262 1123 sale
1285 1102 1292 1123 1
1313 1089 1422 1123 ordeo
1442 1102 1453 1123 s
1473 1093 1507 1123 et
1526 1087 1595 1135 pisa
1614 1101 1624 1121 s
1643 1088 1728 1134 varij

310 1171 415 1218 precij
447 1184 457 1204 s
487 1170 631 1204 Summa
649 1183 671 1203 x
690 1169 714 1204 ii
732 1170 767 1203 ix
788 1173 802 1202 ἓ
822 1168 864 1215 vij
885 1168 908 1203 d
928 1181 938 1202 s
959 1174 992 1203 ct
1008 1167 1133 1213 expen'
1163 1180 1174 1201 Ι
1203 1166 1294 1200 Item
1310 1167 1434 1213 expen’
1450 1166 1470 1212 ij
1487 1171 1585 1212 petre
1599 1165 1704 1211 butirj
1720 1178 1730 1198 s

717 1245 762 1253 ι...

809 1323 952 1356 Summa
971 1335 991 1356 x
1010 1321 1035 1355 li
1055 1322 1087 1355 ix
1107 1326 1121 1355 Ξῖ
1140 1321 1182 1367 vij
1203 1320 1236 1355 d.

163 1486 309 1516 Edinburgh-
370 1483 451 1513 DIE
477 1482 639 1512 SABOTI
669 1475 777 1509 xxviii
806 1474 966 1521 Augusti.
1033 1481 1278 1510 PANETRIA.
1325 1474 1381 1509 De
1412 1475 1612 1521 preintratis
1641 1489 1651 1508 s
1680 1489 1736 1509 ex-

321 1553 441 1602 pen'jc
459 1553 505 1599 xij
526 1565 632 1599 panes
655 1564 662 1586 Ι
684 1558 718 1586 et
737 1550 779 1586 fic
806 1551 933 1586 restant
952 1552 1048 1599 lxxii-j
1068 1565 1184 1598 panes,
1231 1551 1321 1585 Item
1353 1553 1459 1598 empt’
1482 1552 1517 1585 in
1545 1551 1736 1598 Linlithqw

322 1631 383 1666 lxx
400 1642 507 1677 panes
525 1629 666 1664 venales
685 1629 717 1675 ,xj
738 1633 753 1663 Ξ·
771 1628 827 1675 viij
848 1628 871 1663 d
891 1642 901 1662 l
921 1633 955 1662 et
975 1631 1098 1674 expen'
1128 1628 1255 1662 ibidem
1285 1628 1320 1662 in
1349 1628 1508 1675 prandio.
1565 1635 1738 1665 BUTEL-

325 1783 465 1819 ceruilie
493 1797 504 1817 s
534 1783 625 1818 Item
656 1786 762 1830 empt'
790 1783 826 1830 if
855 1783 970 1829 lagine
999 1782 1139 1817 ceruifio
1171 1784 1213 1817 de
1243 1783 1402 1818 Roberto
1437 1782 1529 1817 wod
1555 1782 1739 1817 brafiatore

324 1875 370 1896 xx
387 1861 410 1896 ii
433 1874 443 1895 s
464 1866 498 1897 et
516 1860 559 1895 fic
577 1860 705 1896 restant
724 1861 759 1894 in
778 1866 854 1894 toto
873 1860 920 1907 iijc
933 1860 1004 1906 xiiij
1023 1860 1164 1906 lagine-j
1182 1865 1305 1906 quarta
1320 1859 1471 1894 ceruifio.
1524 1865 1738 1901 COQUINA.

328 1939 445 1985 Empt'
463 1939 545 1986 xviij
567 1939 684 1984 lagine
702 1936 843 1973 ceruifie
863 1938 897 1972 in
918 1937 1111 1983 Linlithqw
1132 1951 1142 1971 s
1162 1937 1309 1984 pricium
1336 1937 1417 1983 xxvj
1438 1942 1453 1971 Ξ
1482 1950 1492 1970 l
1525 1943 1559 1970 et
1588 1938 1711 1983 expen'
1729 1949 1739 1969 l

328 2015 419 2050 Item
439 2017 544 2062 enipt'
562 2016 584 2063 ij
599 2015 769 2051 salmones
789 2029 800 2049 s
820 2016 866 2062 iiij
883 2015 1053 2060 codlingis
1070 2027 1077 2049 l
1096 2014 1115 2060 ij
1134 2014 1214 2061 lucij
1236 2027 1247 2048 l
1267 2014 1324 2060 viij
1342 2013 1490 2048 m‘fische
1510 2026 1521 2047 s
1541 2026 1562 2048 :z
1582 2013 1741 2047 mulones

327 2092 413 2139 aridj
435 2105 447 2126 l
467 2093 511 2139 vij
532 2093 665 2139 rigadia
684 2106 694 2126 s
715 2093 750 2126 in
769 2091 836 2126 fide
856 2105 867 2126 s
889 2092 1004 2126 butiro
1025 2104 1036 2125 1
1055 2090 1152 2128 caseo
1174 2104 1185 2125 l
1204 2091 1297 2138 apud
1313 2090 1507 2136 Linlithqw
1535 2104 1546 2124 l
1575 2089 1622 2124 Et
1637 2089 1741 2136 empt’

328 2169 363 2215 ijc
381 2169 418 2203 lx
436 2169 502 2215 albj
523 2169 628 2215 pisces
656 2182 667 2203 s
694 2169 827 2216 lxxxiiij
857 2169 1005 2202 mffisthe
1036 2181 1046 2202 s
1078 2168 1112 2214 iij
1145 2166 1231 2203 soles
1263 2180 1274 2202 1
1300 2169 1315 2214 j
1348 2166 1459 2202 lucius
1487 2178 1634 2213 magnus
1653 2178 1663 2199 t
1683 2165 1740 2210 viij

328 2244 436 2291 girlfis
456 2259 467 2280 l
488 2246 533 2292 xij
562 2246 731 2293 codlingis
751 2260 762 2281 l
783 2260 829 2283 xv
849 2246 1010 2282 muloncs
1030 2259 1040 2281 t
1062 2246 1096 2293 if
1115 2245 1215 2280 ostria
1235 2258 1245 2280 t
1266 2246 1301 2280 in
1329 2244 1397 2279 sale
1417 2258 1428 2279 s
1448 2245 1523 2279 ouis
1544 2257 1554 2278 s
1575 2249 1608 2278 et
1634 2242 1740 2289 piris!
