1861 2703
126 279 230 312 1525.
620 275 777 312 REGIS
803 275 992 313 JACOBI
1019 277 1065 312 V.
1493 286 1540 318 23

172 380 254 410 DIE
272 378 509 410 MERCURII
538 373 609 407 xvii
633 372 804 408 Januarii.
857 381 1102 411 PANETRIA.
1144 376 1201 411 De
1231 377 1432 425 preintratis
1451 392 1463 413 l
1482 390 1538 413 ex-

123 452 202 499 pen'
220 452 256 485 in
274 450 421 498 prandio
439 451 533 497 apud
552 450 761 498 Edinburgh
781 451 811 498 je
838 452 883 499 xij
914 466 1020 500 panes
1040 467 1051 488 l
1071 459 1105 488 et
1134 453 1178 489 fic
1208 455 1335 490 restant
1365 456 1448 504 iiij‘s)
1466 456 1536 504 lxxj

121 542 237 577 panes.
290 535 602 566 BUTELLARIA.
639 529 776 577 Expen'
794 530 900 578 xxxiij
921 531 1037 578 lagine
1056 532 1196 568 ceruifie
1216 547 1228 568 l
1248 540 1283 569 et
1299 534 1342 569 fic
1360 534 1488 569 restant
1506 535 1541 582 ijc

121 609 246 654 lagine.
300 614 514 651 COQUINA.
553 607 688 655 Expen’
704 608 746 642 de
760 609 960 656 preiutratis
980 627 990 643 ι
1011 612 1135 658 expen’
1149 612 1231 659 xxiij
1245 612 1407 647 mulones
1421 613 1507 660 aridj
1530 626 1536 647 t

121 687 142 734 ij
163 687 294 733 rigadia
311 686 408 720 arida
428 698 436 720 1
450 686 479 733 j‘
496 686 681 733 speldingis
701 700 712 721 t
732 687 777 734 xij
798 687 884 722 libre
903 687 1007 736 butirj
1030 701 1041 723 s
1061 694 1096 724 et
1113 688 1157 724 fic
1174 690 1302 725 restant
1315 691 1409 738 apud
1429 691 1537 726 Edin-

120 765 233 811 burgh
246 765 274 812 jc
293 765 313 812 ij
347 764 507 799 mulones
533 765 617 812 aridj
640 778 651 799 t
670 765 775 812 xxijss’
805 766 853 800 ixc
879 771 931 800 vxx
958 779 981 801 x
1012 767 1198 814 speldingis
1218 781 1229 802 1
1249 768 1296 815 iijc
1313 782 1361 803 xx
1378 770 1511 816 rigadia
1527 784 1538 804 t

119 844 177 891 xxj
198 849 295 891 petre
313 844 348 876 ix
366 842 452 877 libre
471 842 575 889 butirj
605 855 616 876 1
646 842 737 876 Item
768 845 873 890 empt'
895 843 910 890 j
942 844 1039 878 mulo
1072 857 1194 879 recens
1213 846 1253 893 [j
1274 847 1378 881 turbo
1399 861 1410 880 s
1423 848 1451 894 jc
1469 848 1536 894 aij

120 923 226 969 pisces
240 936 250 956 Ι
270 923 305 956 in
319 921 516 969 pefifinibus
530 925 564 954 et
576 919 763 967 grenbanis
777 937 787 954 ι
803 920 887 968 varij
901 921 1007 969 precij
1030 935 1041 956 t
1063 922 1207 957 Summa
1221 924 1278 971 xvj
1294 929 1310 959 ἔ
1326 937 1337 958 s
1353 930 1388 959 et
1400 927 1536 971 expen'.

168 1085 331 1116 EODEM
356 1084 450 1114 DIE.
518 1076 696 1112 Dominus
727 1076 809 1112 Rex
837 1090 918 1112 cum
953 1078 1027 1126 ejus
1056 1079 1187 1114 familia
1217 1080 1467 1127 equitauerunt
1494 1083 1536 1116 de

119 1157 328 1204 Edinburgh
346 1156 463 1192 versus
482 1155 676 1202 Linlithqw
693 1156 729 1190 in
756 1169 843 1191 cena
872 1162 996 1192 contra
1023 1159 1186 1194 comitem
1217 1159 1260 1194 de
1291 1160 1411 1194 Arran
1438 1174 1449 1194 l
1478 1161 1535 1195 De

118 1236 317 1284 preintratis
337 1249 348 1269 l
368 1235 493 1282 expen’
523 1234 583 1268 ista
609 1235 716 1269 ηοᾶὶθ
746 1235 783 1269 in
812 1248 898 1270 cena
917 1236 946 1283 jc
976 1237 1095 1284 xxxvij
1114 1250 1221 1284 panes
1241 1251 1253 1271 s
1273 1243 1308 1272 et
1335 1237 1379 1272 fic
1411 1238 1537 1274 restant

118 1315 188 1361 iij‘D
217 1315 264 1349 ixc
292 1313 414 1360 xxxiiij
436 1325 554 1360 panes.
607 1319 920 1350 BUTELLARIA.
963 1314 1082 1362 Empt'
1117 1316 1225 1349 xxxix
1253 1315 1368 1362 lagine
1397 1316 1537 1352 ceruifie

118 1393 213 1440 price
225 1393 258 1440 iij
274 1393 299 1426 fi
317 1392 348 1439 vj
363 1397 378 1427 Ξ
396 1391 452 1439 viij
469 1392 493 1427 d
512 1404 523 1425 l
543 1396 577 1425 et
592 1392 716 1438 expen'
730 1391 791 1425 ista
804 1393 912 1427 ῐιοὸὶθ
930 1393 967 1427 in
986 1406 1073 1428 cena
1087 1399 1123 1428 et
1137 1394 1192 1428 die
1207 1395 1371 1440 sequente
1386 1396 1422 1430 in
1435 1408 1537 1443 pran-

118 1550 205 1585 libre
222 1549 326 1596 butirj
350 1562 357 1584 s
378 1549 399 1596 ij
420 1561 524 1596 pec-ce
545 1549 620 1583 salis
640 1562 652 1583 J
670 1548 755 1595 varij
771 1549 877 1596 precij
900 1562 911 1583 t
931 1549 1075 1584 Summa
1088 1550 1170 1598 xviij
1185 1551 1268 1598 §viij
1287 1552 1335 1587 ds
1349 1557 1383 1586 et
1397 1553 1535 1599 expen'.

650 1629 794 1664 Summa
812 1641 836 1664 v
852 1629 879 1665 ii
898 1628 954 1676 xvj
975 1629 1010 1663 d.

157 1794 239 1824 DIE
263 1793 395 1823 JOUIS
407 1786 521 1833 primo
536 1785 729 1820 Februarii.
767 1791 1015 1822 PANETRIA.
1044 1784 1102 1820 De
1114 1786 1317 1832 preintratis
1332 1799 1344 1821 l
1360 1787 1484 1834 expen’
1496 1787 1533 1820 in

117 1866 292 1900 dominico
310 1865 356 1912 xij
377 1877 484 1912 panes
504 1878 514 1898 s
535 1865 578 1899 de
608 1863 759 1898 secundo
779 1864 944 1911 expen’jc
961 1864 1116 1911 lxxxxvij
1136 1876 1244 1911 panes
1272 1877 1283 1897 1
1312 1864 1456 1899 Summa
1475 1877 1533 1898 ex-

116 1944 299 1991 pensarum
312 1943 340 1990 jc
357 1949 409 1976 vx*
428 1944 463 1976 ix
481 1955 588 1990 panes
607 1956 618 1976 t
639 1948 673 1977 et
690 1941 734 1976 fic
752 1941 880 1976 restant
898 1941 986 1989 xiijffl
1005 1947 1038 1976 vc
1055 1941 1102 1988 liij
1127 1954 1245 1988 panes.
1298 1948 1531 1978 BUTELLA-

117 2029 212 2058 RIA.
253 2022 311 2055 De
330 2019 470 2055 ceruifia
488 2021 681 2068 preintrata
700 2033 711 2055 t
731 2021 854 2067 expen'
867 2019 925 2066 lvij
945 2019 1061 2065 lagine
1073 2019 1087 2066 j
1108 2025 1232 2065 quarta
1249 2019 1389 2055 ceruifie
1410 2033 1418 2055 ι
1440 2026 1474 2054 et
1487 2019 1530 2055 fic

116 2099 243 2134 restant
255 2099 284 2145 jc
302 2098 361 2132 lxv
376 2098 491 2144 lagine
505 2097 659 2132 ceruilie.
699 2104 915 2140 COQUINA.
944 2096 1081 2144 Expen'
1095 2097 1137 2132 de
1155 2098 1357 2145 preintratis
1377 2111 1388 2132 s
1408 2101 1532 2146 expen'

1580 1169 1713 1198 Linlithqw.

1564 1801 1674 1819 VlGILlA

1562 1841 1794 1859 I'URIFICATIONIS

1562 1880 1651 1898 BEATE
1668 1880 1757 1898 MARIE

1562 1919 1700 1937 VIRGINIS.

1573 2031 1719 2061 Edinburgh.
