1861 2703
185 234 288 269 1525,
667 231 823 266 REGIS
850 230 1038 266 JACOBI
1068 231 1113 266 V.
1536 241 1603 277 107

184 343 319 365 summa
337 331 371 377 iij
391 330 416 365 ti
444 341 455 363 s
483 328 575 363 Item
594 329 718 375 expen’
736 328 837 376 super
863 327 937 375 iiijor
963 328 1059 374 equis
1079 327 1238 376 Magistrj
1259 329 1390 377 Stabnlj
1412 343 1423 364 s
1442 330 1498 366 sex
1527 332 1603 367 Ser-

183 410 337 442 nitorum
358 406 491 453 Stabulj
512 419 523 440 s
543 406 564 453 ij
586 405 707 440 Dauid
726 405 931 441 Crechtoun
950 418 1045 441 nunc
1064 408 1280 442 excercentis
1298 408 1334 442 in
1353 408 1467 444 officio
1485 412 1602 445 auerie

184 485 329 532 Dmuinj
349 485 460 531 Regis
478 483 552 531 post
570 483 740 518 decefi'um
759 484 935 530 quondam
957 483 1084 532 Patricj
1116 485 1349 521 Donaldsoun
1377 487 1459 521 olim
1490 488 1602 522 minis-

182 564 306 597 trantis
324 563 360 596 in
379 562 474 597 dicto
494 561 609 596 officio
641 575 652 596 l
682 562 702 608 ij
731 561 880 609 Robertj
901 562 974 597 Gib
994 575 1005 596 s
1024 562 1134 597 tribus
1167 562 1295 610 Clericj
1317 563 1572 612 Compotorum
1591 579 1602 599 t

181 642 334 687 quinque
364 639 639 676 Senescallorum
668 640 777 686 Regis
797 645 831 674 et
850 640 1032 688 Domicilij
1056 653 1064 676 ι
1085 641 1106 687 ij
1138 641 1324 689 Archicocj
1346 655 1358 676 s
1377 642 1398 690 ij
1420 642 1598 690 Vv'illielmj

182 718 274 752 Wod
294 733 305 753 s
324 720 346 766 ij
369 718 516 765 Henricj
540 718 671 765 Kempt
693 731 700 752 Ι
722 731 861 752 necnon
888 718 984 765 equis
1010 718 1183 754 Johannis
1214 718 1311 754 Bane
1339 721 1598 768 sumptermant

180 797 352 831 Johannis
372 796 523 843 Murray
543 810 553 831 t
575 796 673 844 Paulj
695 796 881 831 Galbraith
903 809 914 830 s
932 795 1104 831 Johannis
1132 796 1285 831 M‘crere
1303 798 1387 845 fatnj
1410 812 1421 832 s
1442 799 1600 847 Magistrj

180 875 301 922 Jacobj
324 873 480 910 Haswell
498 874 667 921 capellanj
689 887 700 908 s
720 874 823 921 Fabrj
844 891 854 908 ι
876 874 1004 921 Clericj
1026 874 1172 922 Dominj
1192 875 1415 910 Rotnlatoris
1434 890 1445 910 s
1467 877 1601 912 Abbi-e-

180 953 323 986 uiatoris
351 952 608 998 Compotorum
629 967 638 985 s
657 951 831 987 Johannis
850 951 1002 986 Stewart
1021 965 1032 986 Ι
1052 951 1232 1000 Willielmj
1263 953 1356 988 Bard
1374 954 1417 988 de
1435 956 1600 989 mandato

181 1030 326 1076 Dominj
347 1029 452 1076 Regis
473 1042 484 1063 t
502 1028 674 1065 Johannis
694 1028 927 1064 Donaldsoun
952 1042 964 1064 l
991 1042 1031 1064 ac
1059 1029 1195 1064 duobus
1214 1032 1310 1076 equis
1327 1044 1391 1078 pro
1410 1031 1548 1067 botellis
1567 1039 1604 1067 et·

181 1107 305 1142 balistis
323 1107 494 1154 gestandis
514 1123 524 1141 l
545 1108 602 1154 quj
622 1106 701 1141 sunt
720 1107 756 1141 in
774 1119 923 1141 numero
942 1107 989 1154 xlj
1012 1109 1090 1155 equj
1111 1120 1123 1142 1
1142 1108 1404 1143 remanentibus
1430 1110 1465 1143 in
1494 1110 1601 1144 Edin-

180 1186 293 1232 burgh
312 1198 374 1232 per
398 1185 532 1219 dictum
564 1190 702 1231 tempus
722 1197 733 1219 l
752 1184 910 1231 quolibet
928 1197 1051 1220 eorum
1070 1185 1230 1233 capiente
1247 1199 1313 1233 pro
1330 1188 1451 1222 auenis
1469 1193 1504 1222 et
1519 1189 1600 1222 feno

180 1265 236 1298 sex
256 1263 415 1298 denarios
433 1263 470 1297 in
488 1263 543 1298 die
564 1276 575 1296 s
594 1275 730 1297 summa
747 1276 818 1297 xxx
835 1263 859 1297 ii
878 1275 924 1297 xv
941 1268 968 1298 ἔ.

626 1341 771 1376 Summa
787 1342 936 1388 pecunie
955 1341 1029 1377 xlix
1047 1342 1073 1377 ii
1091 1355 1112 1377 v
1130 1346 1155 1377 ἔ.

229 1499 327 1532 ITEM
349 1497 475 1532 Pamo
494 1497 601 1532 JUL11
629 1509 641 1531 s
670 1496 771 1543 Rege
798 1501 1003 1532 remanente
1029 1498 1066 1531 in
1095 1496 1304 1545 Edinburgh
1324 1511 1336 1534 l
1355 1500 1480 1547 expen‘
1496 1500 1599 1548 super

179 1578 236 1610 sex
255 1576 350 1622 equis
369 1575 521 1610 eiusdem
540 1575 805 1610 remanentibus
823 1574 951 1610 ibidem
969 1588 990 1609 a
1007 1575 1104 1610 dicto
1124 1575 1179 1610 die
1197 1575 1302 1624 vsque
1314 1577 1397 1625 xviij
1417 1578 1569 1613 eiusdem
1586 1592 1596 1612 t

180 1655 237 1701 quj
258 1655 336 1689 sunt
354 1653 424 1701 xvij
441 1653 513 1688 dies
532 1666 543 1687 s
563 1652 779 1700 capientibus
797 1654 833 1687 in
850 1653 971 1688 auenis
993 1666 1001 1689 ι
1021 1653 1103 1688 feno
1117 1667 1128 1689 l
1142 1658 1177 1689 et
1190 1666 1280 1702 pane
1294 1655 1423 1702 equino
1440 1669 1464 1690 x
1481 1662 1496 1692 ἓ
1514 1657 1560 1704 iiij
1576 1658 1599 1692 d

180 1734 216 1766 in
234 1732 340 1767 nocte
361 1745 372 1766 t
391 1744 525 1766 summa
543 1731 600 1778 viij
620 1732 645 1766 ii
663 1744 710 1765 xv
727 1736 742 1766 ἔ
759 1731 817 1780 viij
837 1732 862 1767 d
888 1744 900 1766 l
928 1731 975 1766 Et
1005 1731 1106 1779 super
1135 1732 1211 1780 iiijor
1232 1733 1328 1779 equis
1348 1732 1504 1781 Magistrj
1526 1734 1599 1769 Sta-

181 1809 251 1855 bulj
274 1826 283 1841 s
304 1807 361 1843 sex
377 1808 597 1843 Seruitorum
614 1807 746 1855 Stabulj
764 1821 775 1842 l
788 1808 810 1856 ij
828 1808 984 1856 Magistrj
1003 1808 1137 1843 Auerie
1153 1822 1164 1843 ι
1180 1809 1290 1844 tribus
1303 1810 1429 1858 Clericj
1447 1811 1599 1859 Compo-

182 1893 299 1919 torum
321 1899 327 1920 s
350 1886 370 1932 ij
392 1885 540 1932 Robertj
561 1885 634 1919 Gib
654 1902 663 1918 s
684 1886 838 1932 quinque
856 1886 952 1932 equis
971 1886 1249 1921 Senescallorum
1281 1887 1390 1934 Regis
1409 1894 1442 1923 et
1472 1889 1600 1924 Domi—

183 1963 249 2009 cilij
272 1977 282 1996 s
301 1963 322 2009 ij
345 1962 524 2010 U'illielmj
547 1962 638 1997 Wod
658 1977 669 1997 s
689 1964 711 2010 ij
746 1963 893 2011 Henricj
926 1963 1058 2011 Kempt
1077 1977 1089 1998 s
1108 1965 1130 2011 ij
1152 1964 1272 1999 Dauid
1293 1965 1385 2000 Wod
1405 1982 1415 2000 s
1436 1967 1457 2013 ij
1476 1966 1597 2014 Jacobj

184 2040 308 2075 Erlkin
338 2054 349 2074 s
377 2040 423 2075 Et
441 2048 525 2075 nota
543 2041 588 2088 hij
607 2041 683 2088 iiijor
705 2041 782 2088 equj
798 2041 946 2088 predictj
963 2041 1140 2076 intrantur
1158 2054 1221 2089 per
1234 2048 1439 2090 preceptum
1452 2043 1598 2091 Dominj

181 2119 292 2164 Regis
319 2117 488 2152 ostensum
515 2118 617 2165 super
645 2124 849 2166 compotum
869 2131 880 2153 l
899 2131 1038 2153 necnon
1067 2119 1163 2165 equis
1183 2119 1363 2168 Willielmj
1396 2121 1491 2156 Bard
1511 2135 1522 2156 l
1541 2122 1601 2157 Jo-

182 2197 305 2230 hannis
326 2195 476 2242 Murray
496 2209 506 2230 s
528 2195 626 2243 Paulj
656 2195 831 2231 Galbrath
858 2209 870 2231 l
899 2195 1056 2244 Magistrj
1088 2197 1210 2246 Jacobj
1242 2197 1399 2234 Haswell
1430 2200 1598 2247 capellanj

184 2274 329 2320 Duminj
352 2273 459 2320 Regis
479 2287 490 2308 s
510 2273 691 2324 Johannis-
711 2274 808 2310 Bane
837 2274 1073 2322 sumpterman
1093 2289 1103 2310 t
1122 2275 1295 2312 ,Iohannis
1314 2275 1468 2312 Mccrere
1486 2277 1569 2324 fatuj
1588 2291 1598 2310 s
