1861 2703
169 1180 317 1209 Edinburgh.

326 219 398 251 2022
812 214 969 249 LIBER
997 214 1277 250 DOMICILII
1644 222 1748 253 1528.

329 313 387 359 viij
406 317 421 347 Ξ
449 325 459 345 s
488 311 632 345 Summa
648 309 705 357 xvj
718 310 743 345 fi
760 323 780 344 v
793 315 808 345 ἔ
823 324 834 345 l
850 316 884 345 et
898 310 1069 346 refiduum
1085 312 1269 358 videlicetj
1285 312 1403 347 celdra
1415 313 1450 359 iij
1469 313 1587 347 firlote
1608 313 1627 360 ij
1644 327 1747 361 pecce

330 401 522 423 auenarum
533 388 612 422 sunt
628 388 670 421 de
684 387 792 421 firmis
807 388 850 422 de
865 387 935 422 Fiff
950 401 962 422 l
981 389 1073 423 Item
1093 390 1129 423 in
1146 389 1255 436 gagijs
1269 389 1338 436 fenj
1356 390 1457 425 dictis
1473 391 1568 437 equis
1582 404 1644 437 per
1656 391 1748 425 idem

332 473 470 514 tempus
488 467 533 513 vij
552 466 576 500 ii
595 466 653 512 xiij
673 470 688 500 ἒ
706 466 751 512 iiij
771 466 796 500 d
824 478 831 500 l
864 466 955 500 Item
974 480 1038 514 pro
1056 467 1160 501 feodo
1181 467 1406 502 Stabulorum
1422 469 1458 502 in
1477 469 1589 515 burgo
1608 469 1713 515 xxviij
1733 474 1749 504 Ξ

327 545 341 591 j
361 545 385 579 d
412 558 422 578 l
451 545 543 578 Item
563 544 598 577 in
614 556 705 590 pane
724 544 851 589 equino
869 543 891 590 ij
909 544 1004 590 equis
1025 544 1134 590 Regis
1148 558 1210 592 per
1225 545 1359 580 dictum
1375 551 1511 593 tempus
1529 547 1587 593 xiij
1603 552 1617 582 ἔ
1636 548 1682 593 iiij
1698 548 1723 582 d
1735 561 1746 581 l

335 623 425 657 Item
444 635 514 656 vno
533 635 622 668 equo
643 621 750 667 Regis
769 622 805 655 in
824 622 1017 668 Striueling
1044 635 1106 669 per
1132 627 1203 656 tres
1231 623 1306 657 dies
1331 624 1422 657 infra
1449 624 1514 658 hoc
1545 632 1747 671 compotum

332 702 378 748 iiij
399 708 414 737 S
441 716 451 735 s
481 702 571 736 Item
590 714 654 748 pro
672 700 800 748 pabula
829 700 902 747 xliij
931 713 1102 746 equorum
1128 700 1350 734 familiarium
1383 701 1528 748 Dominj
1552 702 1659 747 Regis
1685 715 1747 749 per

332 781 425 814 idem
445 785 582 826 tempus
599 779 634 812 in
653 779 773 812 auenis
801 783 836 812 et
865 778 975 825 gagijs
999 778 1070 824 fenj
1089 778 1161 825 xliij
1180 778 1205 812 ii
1233 791 1244 812 t
1272 778 1364 812 Item
1395 779 1431 812 in
1460 779 1570 825 gagijs
1597 779 1747 814 duorum

332 858 547 892 verletorum
566 869 628 903 per
647 856 781 890 dictum
800 861 938 903 tempus
955 856 1063 902 xxxiij
1083 860 1099 890 ἔ
1115 856 1162 902 iiij
1182 856 1205 890 d
1233 869 1244 890 t
1275 856 1364 890 Item
1384 855 1485 890 solut'
1507 857 1543 890 in
1561 857 1670 903 gagijs
1687 857 1748 893 Jo-

333 936 456 969 hannis
475 934 681 969 Donaldson
700 935 743 968 ad
762 939 860 968 extra
878 947 940 981 per
959 947 1006 968 xx
1026 934 1098 968 dies
1118 947 1129 967 l
1149 934 1318 980 capientis
1337 934 1420 981 xxvj
1441 940 1456 969 ἔ
1472 935 1529 980 viij
1549 935 1583 969 d.

714 1012 856 1046 Summa
874 1013 1020 1058 pecunie
1039 1012 1122 1058 lxxij
1141 1013 1166 1046 ii
1185 1012 1218 1058 iij
1239 1018 1254 1047 ἔ
1271 1013 1306 1046 ix
1325 1013 1359 1046 d.

380 1169 537 1204 Dsscmo
557 1180 660 1202 NONo
680 1168 917 1202 DEcmmms.
972 1168 1072 1213 Rege
1090 1173 1294 1202 remanente
1313 1169 1348 1201 in
1366 1167 1573 1214 Edinburgh
1593 1182 1603 1202 l
1624 1171 1747 1215 expen’

330 1248 432 1295 super
450 1248 562 1282 decim
581 1246 732 1281 eiusdem
754 1259 765 1280 s
784 1245 806 1292 ij
827 1246 922 1292 equis
954 1245 1111 1291 Magistrj
1135 1245 1269 1279 Auerie
1289 1258 1299 1279 t
1320 1244 1340 1291 ij
1359 1244 1510 1291 Robertj
1528 1245 1599 1279 Gib
1619 1259 1629 1279 s
1649 1246 1747 1291 quin-

330 1339 397 1372 que
417 1307 636 1360 Seruitorum
657 1324 788 1371 Stabulj
821 1338 832 1358 s
863 1337 902 1358 ac
921 1324 1016 1370 equis
1033 1323 1208 1359 Johannis
1227 1323 1348 1370 Bayne
1368 1337 1379 1357 s
1398 1323 1569 1359 ²Iohannis
1588 1323 1748 1358 Donald-

330 1405 416 1438 soun
436 1418 447 1438 s
467 1404 568 1450 Fabrj
591 1421 600 1437 l
620 1403 882 1437 remanentibus
909 1403 945 1436 in
973 1402 1184 1448 Edinburgh
1202 1416 1222 1436 a
1240 1402 1337 1437 dicto
1364 1403 1420 1437 die
1450 1402 1617 1437 inclufiue
1643 1404 1746 1450 vsque

330 1484 481 1530 primum
497 1482 653 1528 Januarij
671 1480 841 1515 exclufiue
856 1495 866 1515 s
881 1481 940 1527 quj
956 1480 1036 1514 sunt
1051 1481 1108 1527 xiij
1130 1481 1202 1515 dies
1218 1494 1229 1515 s
1245 1480 1458 1528 capientibus
1473 1480 1667 1515 mensuram
1687 1482 1748 1515 du-

330 1562 456 1609 plicem
475 1562 496 1607 ij
516 1561 625 1594 bollas
643 1561 677 1606 iij
693 1560 826 1593 firlotas
844 1571 1037 1593 auenarum
1056 1559 1092 1592 in
1111 1559 1166 1592 die
1194 1572 1205 1592 l
1234 1558 1280 1592 Et
1294 1559 1394 1605 super
1408 1571 1478 1593 vno
1494 1571 1582 1604 equo
1597 1558 1744 1605 Dominj

333 1640 442 1685 Regis
460 1643 663 1673 remanente
682 1639 717 1671 in
738 1637 946 1683 Edinburgh
964 1649 1027 1683 per
1045 1636 1102 1670 sex
1122 1637 1194 1670 dies
1212 1637 1303 1670 infra
1321 1642 1522 1683 compotum
1546 1637 1703 1683 capiente
1721 1638 1743 1683 ij

332 1730 453 1763 peccas
470 1729 660 1751 auenarum
680 1716 715 1749 in
734 1716 839 1749 nocte
868 1729 878 1749 s
907 1715 1051 1750 Summa
1081 1715 1197 1748 totalis
1227 1715 1248 1761 ij
1279 1715 1395 1749 celdre
1412 1715 1459 1761 iiij
1479 1715 1570 1749 bolle
1589 1714 1609 1761 ij
1629 1715 1745 1749 firlote

331 1809 522 1830 alienarum
543 1809 553 1828 s
574 1795 616 1828 de
637 1794 760 1840 quibus
778 1795 883 1840 empt’
913 1795 935 1840 ij
963 1793 1056 1827 bolle
1089 1806 1280 1827 auenarum
1311 1806 1321 1827 s
1351 1793 1497 1840 pricium
1516 1794 1576 1839 xxj
1596 1797 1610 1827 Ξ
1628 1793 1673 1839 iiij
1693 1793 1717 1827 d
1733 1806 1744 1826 s

333 1881 366 1908 et
385 1873 556 1908 residuum
575 1872 738 1907 videlicet
755 1872 777 1918 ij
798 1871 914 1906 celdre
933 1871 954 1917 ij
974 1871 1068 1905 bolle
1086 1872 1108 1918 ij
1128 1871 1244 1906 firlote
1262 1883 1453 1906 alienarum
1471 1871 1571 1905 firme
1589 1871 1632 1904 de
1651 1870 1720 1904 Fiff
1732 1885 1742 1905 s

335 2031 425 2064 Item
445 2030 544 2063 solut'
562 2030 598 2063 in
616 2041 704 2075 pane
724 2028 851 2074 equino
870 2028 1005 2062 duobus
1025 2028 1120 2074 equis
1136 2028 1282 2075 Dominj
1300 2027 1409 2073 Regis
1427 2039 1489 2074 per
1507 2027 1641 2061 dictum
1659 2032 1743 2060 tem-

333 2120 396 2154 pus
415 2107 470 2153 viij
491 2112 505 2141 ἔ
523 2107 579 2153 viij
599 2108 623 2141 d
651 2120 662 2140 s
690 2107 781 2141 Item
800 2105 900 2140 solut’
917 2118 982 2153 pro
1000 2105 1128 2152 pabulo
1147 2104 1218 2152 xliij
1241 2117 1410 2151 equorum
1428 2104 1650 2138 familiarium
1668 2103 1742 2137 Do-

333 2187 417 2231 minj
439 2185 547 2231 Regis
564 2198 627 2232 per
650 2191 787 2232 tempus
805 2184 1040 2231 supradictum
1068 2185 1103 2218 in
1122 2184 1242 2219 auenis
1262 2190 1297 2218 et
1314 2184 1423 2230 gagijs
1440 2183 1509 2230 fenj
1530 2183 1741 2230 capiencium

332 2264 404 2309 xiiij
424 2268 438 2297 ἔ
456 2265 491 2297 in
511 2264 565 2297 die
594 2277 604 2297 s
632 2263 774 2298 Summa
792 2263 886 2309 xxvij
906 2264 931 2297 ii
949 2263 1009 2296 xix
1026 2267 1040 2296 ἒ
1069 2276 1079 2296 l
1109 2261 1198 2296 Item
1218 2262 1317 2296 solut'
1332 2262 1367 2296 in
1381 2261 1489 2308 gagijs
1503 2261 1652 2296 duorum
1666 2271 1741 2294 ver-
