1861 2703
183 234 289 266 1528.
682 227 838 262 REGIS
863 227 1051 264 JACOBI
1080 228 1125 262 V.
1537 233 1602 265 121

180 328 261 374 xij(D
279 327 386 361 xxxix
400 338 517 373 panes.
569 331 858 361 BUTELARIA.
887 324 1022 372 Expen’
1041 325 1077 358 in
1096 323 1241 359 disiunio
1261 338 1284 359 x
1303 326 1418 371 lagine
1437 327 1577 363 ceruifie
1591 345 1601 361 s

180 412 214 439 ot
248 404 290 440 fic
319 404 446 439 restant
480 416 551 438 xxx
585 403 700 450 lagine
725 404 739 450 j
772 409 896 450 quarta
926 402 1081 438 ceruilie.
1147 410 1368 446 COQUINA.
1412 405 1528 453 Empt'
1556 419 1603 441 xx

179 483 328 518 m‘fische
348 496 358 517 t
377 483 414 516 lx
431 481 497 529 albj
518 481 623 529 plsces
643 495 654 516 l
675 482 709 515 in
722 482 858 529 podlois
879 495 890 516 1
910 482 1107 529 ρθᾶἰῑίηἰὺιιε
1128 496 1139 516 s
1159 482 1268 529 ostrijs
1289 496 1300 516 s
1320 483 1473 518 fundolis
1487 498 1498 518 l
1514 498 1603 519 mer-

180 562 307 607 lingis]
322 561 390 595 sale
411 574 421 595 t
441 566 475 596 et
495 560 570 595 ouis
591 574 601 594 J
622 560 705 607 varij
727 561 832 608 pree-ij
863 573 874 594 s
904 560 1047 595 Summa
1065 562 1135 608 xvij
1156 567 1170 595 ἕ
1190 574 1210 596 x
1230 561 1253 595 d
1276 575 1287 595 s
1307 567 1341 595 et
1360 564 1495 609 expen’.

763 638 905 673 Summa
924 645 1030 686 patet.

229 803 310 833 DIE
334 803 466 833 JOUIS
485 797 556 831 xvii
572 797 795 843 Septembris·
850 804 1110 833 PANETRIA.
1152 797 1208 831 De
1228 798 1429 844 preintratis
1449 811 1460 832 s
1480 800 1605 846 expen'

178 875 270 922 apud
291 874 498 922 Edinburgh
518 875 552 908 in
570 875 718 922 prandio
739 875 769 921 jc
795 875 866 922 xiiij
888 888 995 922 panes
1024 889 1034 909 s
1065 875 1157 909 Item
1188 876 1314 922 expen’
1344 876 1380 909 in
1411 876 1550 922 pastillis
1567 877 1600 924 xj
1619 890 1767 920 Edinburgh.

177 965 283 1000 panes
311 966 322 987 t
352 953 495 987 Summa
509 953 535 1000 jc
553 965 624 987 xxv
641 965 748 999 panes
777 966 786 987 t
816 958 850 987 et
882 952 925 987 fic
956 952 1085 987 restant
1115 953 1209 1000 apud
1242 952 1452 1000 Edinburgh
1469 955 1539 1001 xjffl
1558 956 1603 1002 vjc

176 1044 223 1065 xx
240 1043 357 1078 paneS.
411 1037 692 1068 BUTELARIA.
735 1031 871 1079 Expen’
897 1031 1004 1078 xxxiij
1036 1031 1154 1078 lagine
1184 1031 1206 1078 ij
1237 1037 1360 1077 quarte
1378 1031 1518 1068 ceruifie
1539 1048 1550 1068 s
1570 1040 1604 1069 et

177 1109 219 1144 fic
237 1110 364 1145 restant
382 1111 451 1158 xvij
471 1111 586 1157 lagine
605 1109 757 1145 ceruifie.
810 1116 1031 1152 COQUINA.
1062 1110 1178 1157 Empt'
1198 1110 1219 1156 ij
1238 1111 1395 1156 carcagia
1413 1118 1603 1147 mertarum

176 1267 305 1302 bonine
326 1281 336 1301 s
357 1281 402 1315 ιιι]
422 1267 510 1302 libre
529 1272 545 1312 [
650 1270 664 1310 ]
683 1267 717 1313 iij
738 1272 753 1301 ἔ
771 1268 805 1314 iij
825 1268 849 1302 d
869 1281 879 1301 s
900 1273 934 1301 et
961 1269 1086 1314 expen’
1114 1281 1125 1301 s
1158 1268 1246 1302 Item
1282 1270 1388 1316 empt’
1416 1269 1473 1316 xvj
1502 1270 1603 1316 pulli-

176 1346 387 1391 gallinarum
404 1359 415 1380 s
436 1347 470 1379 ix
488 1346 605 1393 pultre
623 1359 634 1379 s
650 1347 709 1380 xix
729 1358 879 1393 capones
899 1359 909 1379 s
931 1346 975 1392 iiij
997 1359 1082 1380 auce
1101 1346 1227 1380 solares
1256 1360 1267 1380 l
1295 1347 1390 1394 xlviij
1411 1347 1573 1395 pluuiarij
1593 1362 1603 1382 s

176 1424 259 1471 lxxij
280 1424 403 1458 alaude
424 1438 434 1458 Ι
454 1438 477 1458 x
495 1424 646 1471 cuniculj
669 1438 680 1458 l
699 1425 721 1472 ij
742 1424 827 1472 pullj
849 1424 1096 1458 cuniculorum
1118 1425 1157 1471 sj
1188 1425 1306 1459 firlota
1324 1426 1357 1472 iij
1378 1439 1482 1472 pecce
1500 1426 1576 1461 ielis
1592 1440 1604 1460 l

175 1503 212 1536 in
230 1502 338 1536 ordeo
359 1516 369 1536 s
389 1502 475 1549 varij
496 1503 601 1549 preeij
624 1515 635 1536 t
656 1502 801 1536 Summa
818 1501 849 1549 vj
865 1502 891 1536 fi
909 1503 954 1549 xij
971 1507 986 1537 ἕ
1006 1515 1016 1535 l
1036 1507 1071 1536 et
1090 1504 1214 1549 expen'
1235 1516 1245 1536 l
1276 1503 1366 1538 Item
1387 1506 1492 1552 einpt’
1511 1505 1604 1552 apud

176 1580 369 1627 Linlithqw
393 1583 407 1628 j
437 1587 561 1616 muton
590 1581 611 1628 ij
645 1587 768 1627 quarte
798 1581 842 1628 vij
865 1587 879 1616 ἔ
900 1594 911 1615 s
931 1581 967 1615 lx
996 1594 1103 1628 panes
1133 1582 1275 1616 venales
1292 1595 1316 1616 x
1333 1587 1348 1617 ἓ
1367 1595 1378 1616 l
1398 1583 1467 1630 xvij
1487 1583 1603 1630 lagine
1620 1592 1755 1623 Linliehqw.

175 1738 288 1785 pomis
304 1751 314 1771 s
331 1744 365 1772 et
376 1738 459 1785 piris
479 1751 489 1771 Ι
511 1738 654 1772 Summa
675 1743 689 1782 [
780 1740 794 1779 ]
816 1750 826 1771 1
843 1743 877 1772 et
896 1739 1021 1785 expen'
1042 1751 1052 1772 t
1074 1738 1165 1773 Item
1179 1739 1222 1773 de
1237 1739 1437 1786 preintratis
1454 1753 1465 1773 s
1479 1741 1603 1786 expen’

176 1829 222 1863 ιιι]
237 1815 323 1850 libre
335 1815 440 1862 butirj
459 1829 470 1849 s
487 1822 521 1850 et
541 1805 730 1850 fierestant
748 1815 843 1862 apud
862 1815 1072 1862 Edinburgh
1091 1816 1137 1863 iiij
1157 1821 1256 1863 petre
1275 1817 1346 1863 xiiij
1366 1817 1452 1851 libre
1471 1817 1588 1863 butirj.

640 1893 783 1927 Summa
801 1893 860 1927 xix
878 1894 903 1928 ii
922 1893 978 1940 xvj
999 1899 1014 1928 ἔ
1031 1894 1077 1940 vij
1097 1894 1131 1928 d.

227 2056 309 2085 DIE
334 2056 573 2086 MERCURII
601 2051 686 2085 xxiii
714 2050 938 2098 Septembris-
992 2057 1248 2087 PANETRIA.
1286 2052 1348 2087 De
1377 2054 1601 2099 preintratisz

178 2130 302 2176 expen’
321 2128 415 2175 xlviij
436 2141 542 2176 panes
560 2129 595 2162 in
615 2128 761 2163 diliunio
782 2128 891 2175 Regis
909 2129 945 2162 in
966 2128 1159 2176 Striueling
1178 2143 1189 2163 s
1210 2129 1301 2164 Item
1321 2132 1426 2178 empt’
1445 2131 1481 2165 lx
1494 2144 1601 2178 panes
1617 2141 1749 2171 striueimg.

176 2220 199 2240 x
217 2212 232 2242 ἔ
251 2219 262 2240 s
283 2206 326 2241 de
344 2206 467 2253 quibus
486 2208 609 2254 expen’
627 2208 664 2241 in
683 2207 712 2241 F
714 2207 855 2241 alkland
874 2220 919 2241 xv
938 2219 1045 2254 panes
1077 2220 1088 2241 l
1118 2213 1153 2241 et
1179 2206 1222 2242 fic
1240 2208 1367 2243 restant
1394 2209 1454 2244 xlv
1480 2223 1598 2257 panes.
1617 2222 1740 2245 Faikiand.

178 2291 463 2322 BUTELARIA.
504 2285 620 2333 Empt'
647 2299 694 2320 xx
723 2286 838 2332 lagine
869 2284 1012 2320 ceruifie
1044 2286 1124 2334 xxvj
1145 2291 1160 2321 ἔ
1178 2287 1235 2333 viij
1255 2287 1279 2322 d
1311 2301 1321 2321 s
1352 2294 1385 2322 et
1413 2290 1536 2335 expen’
1554 2301 1600 2323 xv

880 2377 904 2402 Q.
