1861 2703
162 1803 275 1821 PASCHE.

276 254 322 289 56
752 249 910 285 LIBER
938 247 1216 284 DOMICILII
1587 246 1691 280 1526.

280 351 368 385 Item
388 348 482 383 miffa
499 345 616 382 versus
644 345 836 393 Striueling
854 345 897 380 de
914 344 1114 392 preintratis
1135 356 1143 379 ι
1165 342 1289 391 expen’
1307 342 1365 390 ij‘0
1383 341 1428 389 ij
1446 341 1556 376 alleca
1585 339 1669 375 salsa
1684 354 1694 374 t

278 428 346 475 iijco
363 425 548 474 speldingis
568 437 579 458 l
598 424 693 471 xxiiij
712 423 845 470 rigadia
862 423 959 457 arida
977 439 988 457 ι
1007 422 1044 456 lx
1061 421 1222 456 mulones
1252 420 1338 468 aridj
1372 433 1384 455 l
1416 420 1459 455 de
1485 419 1609 467 quibus
1641 432 1698 455 ex-

278 506 356 553 pen'
384 530 392 538 .
421 530 428 538 .
457 529 465 538 .
494 508 528 537 et
547 501 673 537 restant
692 501 785 549 apud
804 500 1013 547 Edinburgh
1029 500 1099 547 iij‘0
1119 499 1165 546 iijc
1182 498 1301 545 lxxxvj
1322 498 1430 533 alleca
1447 496 1529 532 salsa
1547 510 1559 532 l
1578 497 1647 544 vj(o
1664 502 1698 532 v‘

279 582 404 617 lxxxix
424 580 609 628 speldingis
629 592 640 614 l
658 579 707 626 iijc
724 578 794 626 xxij
816 577 976 612 mulones
994 577 1078 623 aridj
1101 589 1112 611 J
1131 576 1201 623 lxvj
1221 575 1319 610 arida
1336 575 1469 622 rigadia
1496 588 1507 609 l
1537 574 1628 609 Item
1647 574 1698 608 in-

280 660 358 694 trat’
378 659 399 706 ij
420 658 542 693 barilia
554 657 704 692 allecum
719 655 797 691 afise
811 656 854 690 de
870 655 1057 701 Galasqow
1071 655 1288 689 continentia
1300 654 1350 701 ᾖα)
1362 653 1391 701 jc
1408 653 1445 687 xl
1463 653 1572 688 alleca
1589 652 1670 687 salsa
1687 670 1696 687 ι

281 742 314 771 et
331 736 374 771 fic
391 735 518 770 restant
538 736 574 769 in
592 740 668 769 toto
687 734 779 782 apud
798 733 1007 779 Edinburgh
1025 732 1107 779 iiij(o
1125 737 1158 766 vc
1176 731 1208 778 vj
1229 731 1339 766 alleca
1351 729 1434 765 salsa
1449 743 1461 765 1
1477 730 1534 765 De
1547 730 1561 777 j
1583 730 1700 765 celdra

279 815 327 861 iiij
347 813 449 848 bollis
467 811 561 860 brafij
583 812 719 847 intratis
737 811 862 858 absque
886 810 1004 858 precio
1022 822 1117 844 nune
1134 809 1294 857 preciatis
1312 808 1383 855 xiiij
1402 809 1428 843 fi
1456 825 1466 841 l
1497 808 1587 843 Item
1615 806 1700 842 miffi

281 890 398 926 versus
417 891 609 937 Striueling
626 889 720 936 lxxvj
740 887 848 935 girllis
867 905 878 922 ι
898 893 932 922 et
950 886 993 922 fic
1012 887 1137 922 restant
1155 887 1249 934 apud
1269 886 1488 933 Edinburgh.

780 966 922 1001 Summa
939 966 975 1000 lx
992 966 1017 1001 ii
1036 966 1069 999 ix
1088 970 1102 1000 ἔ
1121 966 1155 999 ix
1172 965 1206 1000 d.

336 1125 433 1159 ITEM
453 1124 552 1158 solut'
570 1137 632 1171 per
652 1123 900 1158 Rotulatorem
920 1125 955 1157 in
972 1124 1081 1169 gagiis
1098 1123 1351 1169 quinquaginta
1376 1128 1411 1157 et
1441 1134 1570 1157 nouem
1589 1121 1701 1168 perso-

286 1215 410 1236 narum
429 1202 683 1236 remanentium
716 1206 814 1236 extra
844 1201 1057 1236 domicilium
1089 1201 1234 1248 Dominj
1256 1200 1359 1247 nostrj
1383 1200 1491 1246 Regis
1511 1213 1521 1233 l
1541 1212 1561 1234 a
1578 1199 1699 1246 xxiiij‘0

286 1280 412 1315 Mercii
431 1278 596 1314 inclufiue
614 1280 720 1326 Vsque
738 1281 888 1327 primum
910 1279 1044 1326 Aprilis
1073 1277 1244 1314 exclufiue
1274 1295 1283 1311 t
1317 1279 1376 1325 qui
1403 1278 1482 1313 sunt
1509 1278 1583 1324 viij⁰
1602 1277 1673 1311 dies
1690 1291 1700 1310 l

285 1358 495 1405 capientium
513 1358 549 1391 in
569 1357 624 1392 die
642 1357 692 1392 lix
709 1362 724 1392 ἔ
751 1370 762 1391 l
791 1357 935 1392 Summa
952 1357 1035 1404 xxiij
1055 1357 1080 1392 ii
1099 1356 1144 1404 xij
1165 1362 1190 1392 ἔ.

796 1435 939 1469 Summa
956 1435 1060 1469 huius
1077 1440 1183 1482 patet.

514 1514 657 1548 Summa
673 1512 789 1548 totalis
808 1512 929 1548 menfis
949 1512 1074 1560 Marcij
1095 1513 1155 1560 iiijc
1172 1513 1242 1560 xxij
1261 1514 1287 1549 ii
1305 1513 1351 1559 iiij
1372 1518 1386 1548 ἓ
1405 1526 1427 1546 x
1445 1513 1479 1547 d.

1468 1601 1541 1624 Tenet
1557 1589 1641 1623 Aba

254 1764 273 1781 M
334 1753 416 1782 DIE
441 1752 675 1783 DOMINICO
694 1747 807 1793 primo
827 1745 972 1792 Aprilis.
1025 1752 1271 1783 PANETRIA.
1308 1745 1366 1780 De
1384 1745 1585 1793 preintratis
1609 1757 1620 1778 ι
1644 1756 1702 1778 ex-

288 1825 367 1872 pen’
384 1825 420 1858 in
439 1824 613 1859 dominico
630 1824 666 1871 lij
686 1836 792 1872 panes
810 1823 925 1871 magnj
957 1836 965 1859 1
996 1823 1086 1858 Item
1115 1824 1163 1871 iij⁶
1189 1837 1212 1858 x
1240 1836 1346 1872 panes
1373 1841 1383 1858 ι
1413 1824 1505 1859 Item
1523 1823 1647 1870 expen'
1665 1823 1702 1856 in

288 1901 428 1948 pastillis
446 1904 568 1950 expen'
581 1902 609 1950 je
626 1902 697 1949 xliij
717 1914 824 1949 panes
851 1915 862 1935 l
892 1901 1035 1936 Summa
1053 1902 1280 1950 expensarum
1298 1903 1359 1951 iiijc
1376 1908 1427 1938 vxx
1444 1902 1491 1949 iiij
1511 1913 1618 1949 panes
1637 1917 1647 1934 ι
1667 1905 1702 1935 et

289 1980 332 2015 fic
345 1980 472 2015 restant
486 1981 542 2014 xm
556 1981 603 2028 iijc
615 1980 761 2015 lxxxxix
772 1992 890 2028 paneS.
941 1986 1220 2016 BUTELARIA.
1266 1980 1325 2015 De
1339 1978 1480 2015 ceruifia
1489 1979 1699 2027 preintratat

290 2059 413 2105 expen'
432 2058 574 2106 lxxxxiij
595 2058 710 2105 lagine
741 2056 881 2093 ceruifie
901 2074 911 2091 ι
931 2063 966 2092 et
984 2057 1111 2093 restant
1128 2058 1177 2106 iijc
1194 2058 1229 2094 lv
1246 2058 1362 2105 lagine
1374 2058 1389 2105 j
1409 2063 1533 2105 quarta
1549 2054 1701 2092 ceruifie.

291 2141 503 2178 COQUINA.
541 2136 599 2170 De
628 2135 805 2182 sexaginta
835 2136 953 2170 mertis
982 2135 1071 2170 salfis
1094 2136 1109 2183 j
1146 2142 1269 2182 quarta
1297 2135 1379 2171 salsa
1408 2134 1612 2172 restantibus
1629 2133 1703 2180 xiij⁰

292 2215 470 2262 Februarij
499 2232 509 2248 l
539 2215 596 2249 De
615 2215 739 2261 quibus
757 2215 850 2250 mifl'e
869 2215 986 2250 versus
1004 2214 1197 2260 Striueling
1222 2214 1293 2261 xiiij
1317 2219 1428 2249 merte
1445 2211 1527 2248 false
1546 2229 1556 2246 ι
1576 2211 1703 2246 restant

291 2294 384 2341 apud
402 2293 609 2340 Edinburgh
627 2293 696 2340 xlvj
718 2298 827 2330 merte
845 2293 925 2329 salse
937 2293 952 2341 j
973 2298 1096 2340 quarta
1114 2306 1125 2328 s
1145 2292 1188 2328 de
1206 2292 1329 2339 quibus
1347 2291 1417 2340 xiiij
1443 2291 1561 2327 mertis
1579 2291 1702 2338 expen’
