1861 2703
296 221 363 252 134<
764 219 922 254 LIBER
950 219 1230 255 DOMICILII
1597 225 1701 256 1528.

295 316 337 348 (le
356 314 478 360 quibus
497 314 623 361 expen'
636 315 673 348 in
688 327 774 349 cena
791 315 899 351 lxxxv
913 328 1020 363 panes
1039 329 1052 350 t
1070 321 1105 351 et
1122 315 1166 351 fic
1183 315 1311 351 restant
1328 315 1401 350 lxix
1412 327 1530 363 panes.
1568 323 1709 354 BUTE-

294 399 454 428 LARIA.
496 392 613 439 Empt’
631 392 726 440 xlviij
747 393 863 440 lagine
882 393 1022 429 ceruifie
1041 394 1076 441 iij
1095 394 1119 428 ‘li
1139 394 1185 440 iiij
1205 398 1220 429 ’s‘
1239 407 1250 427 l
1269 393 1304 440 iij
1323 393 1438 440 lagine
1456 393 1477 441 ij
1497 400 1619 440 quarte
1637 396 1708 442 vinj

294 471 399 517 xxviij
420 475 435 504 ἔ
456 483 463 505 ι
485 470 527 504 de
546 470 672 516 quibus
690 472 814 518 expen’
832 471 914 518 xxxj
934 472 1050 518 lagine
1071 472 1085 519 j
1111 477 1234 518 quarta
1261 470 1402 506 ceruifie
1422 484 1433 506 t
1453 477 1487 506 et
1513 471 1557 507 fic
1584 472 1710 507 restant

293 549 372 595 xxvj
393 548 508 595 lagine
528 549 561 596 iij
580 553 703 595 quarte
722 547 874 584 ceruifie.
927 555 1143 591 COQUINA.
1183 549 1301 596 Empt’
1318 550 1352 596 xj
1377 562 1526 597 capones
1542 563 1553 585 l
1569 551 1615 598 iiij
1635 551 1710 598 pul-

294 634 346 661 tre
366 640 376 660 s
397 639 417 660 v
434 626 733 673 pulligallinarum
762 638 774 660 l
801 626 823 673 ij
842 626 924 673 gallj
944 625 1112 661 filuestres
1144 640 1155 661 s
1186 627 1208 673 ij
1239 632 1394 661 turtures
1426 640 1437 661 t
1465 627 1502 662 in
1532 627 1682 662 oleribus
1700 642 1709 660 s

293 704 359 738 sale
380 717 391 738 s
410 704 518 738 ordeo
539 717 550 738 s
568 704 687 738 butiro
707 717 719 739 l
738 704 834 739 caseo
855 717 867 738 l
886 704 962 738 ouis
982 717 993 738 l
1014 710 1049 738 et
1067 704 1220 739 candelis
1247 717 1258 738 s
1285 704 1370 751 varij
1390 704 1495 752 precij
1527 717 1538 738 l
1569 704 1711 740 Summa

294 860 315 907 ij
335 865 457 905 quarte
476 859 574 906 vitulj
596 859 628 906 vj
649 863 663 893 ἔ
683 877 692 893 s
714 859 735 906 ij
755 859 877 906 lingue
896 859 1025 894 bouine
1044 860 1089 906 xij
1109 859 1134 894 d
1152 873 1163 894 l
1183 865 1217 894 et
1236 861 1371 906 expen'.

788 937 931 971 Summa
948 936 1006 983 xxj
1027 937 1050 972 Ῐί
1069 950 1089 971 v
1109 942 1123 972 ἔ
1142 938 1162 984 ij
1182 937 1216 972 d.

344 1101 425 1131 DIE
451 1100 578 1129 LUNE
598 1098 722 1139 quarto
740 1092 910 1128 Januarii.
964 1099 1216 1129 PANETRIA.
1256 1093 1314 1128 De
1340 1093 1539 1140 preintratis
1559 1106 1570 1127 t
1589 1094 1713 1140 expen'

145 1182 275 1210 snueing.
297 1173 369 1206 lxix
387 1184 493 1218 panes
523 1184 530 1205 l
561 1170 651 1205 Item
672 1170 778 1217 empt’
805 1170 898 1216 apud
926 1169 1118 1217 Striueling
1142 1171 1170 1218 jc
1200 1183 1306 1218 panes
1324 1183 1371 1204 xx
1389 1176 1404 1206 ἕ
1424 1183 1435 1205 l
1455 1171 1497 1205 de
1515 1170 1639 1217 quibus
1657 1183 1713 1204 ex-

297 1251 376 1297 pen’
394 1255 445 1283 vxx
463 1250 498 1283 ix
516 1261 623 1296 panes
643 1261 654 1282 t
676 1253 710 1282 et
728 1247 771 1282 fic
789 1247 917 1282 restant
934 1249 968 1294 xj
983 1261 1102 1295 panes,
1152 1256 1444 1287 BUTELARIA.
1483 1249 1620 1297 Expen’
1630 1253 1711 1297 xxvj

297 1329 411 1374 lagine
430 1328 464 1375 iij
484 1332 608 1373 quarte
627 1325 769 1361 ceruifie
789 1339 800 1360 l
821 1326 914 1361 Item
933 1327 1038 1373 empt'
1051 1328 1079 1373 jc
1097 1326 1212 1373 lagine
1230 1325 1371 1361 ceruifie
1389 1326 1446 1373 viij
1461 1327 1486 1361 ii
1501 1339 1512 1360 s
1529 1326 1571 1360 de
1589 1326 1713 1372 quibus

298 1407 422 1453 expen'
439 1419 510 1441 xxv
527 1405 645 1452 lagine
664 1405 697 1451 iij
728 1409 851 1450 quarte
881 1402 1022 1439 ceruifie
1053 1417 1065 1438 l
1095 1409 1130 1439 et
1158 1403 1202 1438 fic
1229 1404 1357 1439 restant
1383 1405 1540 1452 lxxxxiiij
1570 1404 1684 1451 lagine
1697 1418 1710 1451 1

298 1490 420 1531 quarta
439 1483 591 1519 ceruifie.
644 1489 860 1526 COQUINA.
902 1483 959 1517 De
979 1482 1064 1516 lxxx
1082 1483 1201 1517 mertis
1229 1483 1434 1518 restantibus
1464 1483 1557 1530 apud
1584 1483 1714 1518 Striue-

297 1564 370 1608 ling
386 1562 473 1607 xvij⁰
494 1560 702 1595 Decembris
721 1561 846 1608 expen'
863 1560 913 1607 ijzlg
931 1566 1055 1606 quarte
1081 1566 1192 1595 inerte
1220 1574 1231 1594 l
1261 1560 1353 1595 Item
1377 1562 1482 1607 empt'
1512 1561 1532 1608 ij
1559 1562 1714 1607 carcagia

299 1646 489 1675 inertarum
510 1652 520 1673 s
539 1639 687 1685 prieium
704 1638 739 1685 iij
753 1638 778 1673 ii
796 1638 828 1685 vj
850 1643 865 1673 ἔ
884 1651 895 1672 s
915 1643 949 1672 et
967 1637 1009 1672 fic
1024 1637 1256 1685 reflantlxxxj
1272 1638 1430 1686 mertej-12<
1441 1644 1563 1684 quarta
1577 1645 1686 1673 inerte
1703 1653 1713 1673 s

301 1719 391 1752 Item
411 1718 452 1752 de
472 1716 670 1764 preintratis
689 1717 812 1763 expen’
834 1717 848 1762 J‘
877 1721 977 1750 muto
995 1716 1017 1762 ij
1037 1721 1159 1762 quarte
1192 1729 1202 1750 t
1234 1721 1268 1751 et
1285 1715 1328 1750 fic
1347 1729 1434 1762 eque
1462 1730 1473 1751 J
1503 1716 1590 1751 Item
1610 1719 1715 1764 empt'

301 1811 321 1830 x
340 1802 502 1830 mutones
520 1795 555 1828 lv
575 1799 590 1829 ἔ
609 1808 620 1828 s
639 1800 673 1829 et
692 1794 816 1841 expen'
844 1807 856 1828 l
886 1793 979 1828 Item
997 1795 1103 1841 empt’
1120 1794 1215 1842 xxiiij
1236 1807 1385 1842 capones
1406 1808 1417 1828 l
1435 1795 1470 1828 ix
1489 1795 1603 1842 pultre
1626 1808 1636 1828 l
1656 1794 1713 1840 viij

301 1873 598 1921 pulligallinarum
623 1885 634 1906 s
659 1872 764 1919 precij
793 1872 878 1918 varij
909 1885 920 1906 ι
950 1871 1093 1906 Summa
1110 1871 1132 1919 lj
1152 1876 1167 1907 ἓ
1183 1872 1216 1919 vj
1236 1872 1260 1907 d
1278 1886 1290 1906 l
1310 1878 1344 1907 et
1363 1873 1487 1920 expen’
1516 1886 1526 1906 s
1556 1872 1646 1907 Item
1674 1873 1716 1906 de

301 1953 345 1999 vij
365 1952 471 1999 petris
489 1964 510 1985 v
529 1951 625 1985 libris
642 1950 748 1997 butirj
778 1949 984 1985 restantibus
1014 1950 1097 1997 xviij
1127 1950 1333 1986 Decembris
1359 1952 1483 1998 expen'
1501 1950 1532 1998 vj
1553 1951 1639 1985 libre
1658 1950 1717 1985 bu-

302 2030 356 2075 tirj
379 2046 387 2061 s
409 2035 443 2063 et
460 2028 502 2063 fic
521 2028 647 2063 restant
666 2029 698 2076 vj
719 2033 817 2076 petre
836 2041 883 2062 xv
900 2027 988 2062 libre
1006 2027 1123 2075 butirj.

766 2105 910 2140 Summa
927 2106 998 2152 xvij
1018 2106 1042 2140 ii
1061 2105 1106 2152 xij
1127 2109 1141 2140 ἓ
1159 2106 1190 2152 vj
1210 2105 1244 2140 d.

353 2269 434 2299 DIE
452 2269 578 2299 LUNE
608 2262 691 2297 xviii
726 2261 908 2300 Januarii„
951 2268 1199 2299 PANETRIA.
1238 2261 1296 2296 De
1324 2261 1524 2308 preintratis
1556 2275 1567 2295 s
1598 2262 1720 2307 expen’
