1861 2703
260 274 306 308 36
718 271 875 307 LIBER
901 270 1179 306 DOMICILII
1567 274 1670 307 1525.

262 371 379 404 intrat'
396 381 458 416 per
477 367 706 402 Willielmum
726 367 954 403 Wilkensoun
983 367 1144 415 pistorem
1173 366 1245 414 xiiij
1277 366 1369 401 bolle
1387 366 1553 415 frumentj
1573 367 1672 402 firme

264 448 306 481 de
326 446 410 481 Fiffe
431 459 441 479 s
462 446 504 480 de
522 445 646 492 quibus
663 451 906 493 prouenerunt
923 445 960 478 in
977 444 1124 492 panibus
1143 457 1155 478 l
1175 444 1316 491 dempta
1332 444 1488 479 multura
1507 458 1517 479 t
1532 445 1577 492 jsD
1589 447 1616 492 j‘·
1635 445 1673 479 xl

261 537 367 572 panes
386 524 427 558 de
447 523 623 557 dominico
642 528 676 556 et
693 521 845 557 secundo
875 535 883 557 Ι
916 527 951 556 et
968 521 1011 556 fic
1041 521 1169 556 restant
1199 522 1235 555 in
1265 527 1342 556 toto
1360 522 1453 569 viijffl
1471 522 1529 569 vijc
1547 523 1671 569 lxxxiiJ'

262 615 379 650 panes.
431 607 710 637 BUTELARIA.
756 600 815 634 De
843 599 985 634 ceruifia
1005 612 1016 633 1
1036 601 1159 647 expen’
1177 599 1223 646 lvj
1244 599 1359 645 lagine
1379 612 1390 633 s
1409 604 1444 634 et
1472 597 1516 634 fic
1546 599 1673 634 restant

260 681 308 727 iijc
325 680 383 727 xiij
405 680 519 726 lagine
538 679 571 726 iij
592 685 714 725 quarte
733 677 884 713 ceruifie.
936 684 1151 721 COQUINA.
1184 677 1242 711 De
1273 678 1473 724 preintratis
1505 690 1516 711 t
1548 678 1672 725 expen'

260 759 319 805 iiijc
338 759 374 792 lx
391 758 499 792 alleca
514 756 596 791 salsa
615 770 625 791 t
645 769 693 790 xx
710 756 869 790 mulones
886 756 971 803 aridj
993 772 1004 789 t
1023 755 1069 802 iiij
1087 754 1222 801 rigadia
1239 754 1336 788 arida
1355 767 1367 788 l
1385 755 1446 801 iiije
1459 753 1646 801 speldingis
1661 769 1671 789 l

255 837 268 883 j
290 841 388 883 petra
406 835 477 882 xiiij
498 835 585 869 libre
603 834 707 880 butirj
730 847 741 868 s
761 839 795 868 et
812 833 855 868 fic
872 833 1000 868 restant
1018 832 1067 868 vm
1085 833 1144 879 vijc
1162 832 1184 879 lj
1205 832 1314 866 alleca
1330 830 1412 866 salsa
1431 845 1442 866 l
1461 831 1507 878 ij
1530 832 1675 866 lxxxxix

260 914 420 948 mulones
438 913 524 960 aridj
546 912 771 959 1j⁰lxxxxv1j
804 911 937 958 rigadia
964 911 1061 945 arida
1090 927 1099 943 t
1129 909 1241 957 xviijffl
1268 910 1316 956 iijc
1343 909 1427 943 lxxx
1457 908 1643 956 speldingis
1663 922 1673 942 l

260 992 343 1026 xxix
361 997 458 1038 petre
476 993 509 1037 vJ'
529 990 615 1025 libre
633 990 738 1036 butirj
769 1002 780 1023 t
810 989 901 1023 Item
928 990 1033 1035 empt’
1051 988 1110 1035 xiij
1131 987 1291 1022 mulones
1308 992 1467 1022 recentes
1487 1001 1498 1021 l
1517 993 1549 1021 vc
1568 987 1676 1022 alleca

261 1070 415 1103 recentia
433 1082 444 1102 l
458 1071 486 1115 j‘
504 1068 572 1102 albi
591 1068 697 1115 pisces
729 1081 740 1102 l
771 1068 815 1114 vij
836 1067 1015 1113 merlingis
1047 1080 1058 1100 s
1082 1068 1095 1113 j
1115 1066 1219 1100 turbo
1251 1079 1262 1099 l
1288 1065 1302 1112 j
1330 1065 1426 1111 leing
1445 1066 1483 1112 [j
1504 1078 1591 1100 rone
1610 1079 1621 1099 t
1640 1067 1673 1112 vj

260 1146 465 1193 bronoscopj
496 1159 507 1179 s
535 1146 572 1179 in
599 1145 797 1192 pectinibus
826 1158 914 1190 aque
946 1144 1055 1178 duleis
1091 1161 1100 1177 κ
1138 1145 1159 1190 ij
1195 1143 1365 1177 salmones
1399 1148 1556 1178 recentes
1592 1164 1601 1176 l
1637 1144 1671 1189 iij

260 1224 340 1271 lucij
362 1238 373 1257 l
386 1224 415 1270 jc
432 1223 544 1258 bukez
565 1237 575 1257 s
594 1224 632 1257 in
650 1224 800 1269 cariagio
828 1237 839 1257 l
868 1223 954 1269 varij
973 1222 1079 1269 precij
1109 1235 1120 1256 l
1148 1222 1292 1256 Summa
1308 1221 1342 1267 iij
1362 1221 1387 1256 11
1404 1222 1463 1255 xix
1482 1226 1497 1256 ἔ
1515 1222 1546 1268 vj
1566 1222 1589 1257 d
1609 1235 1619 1255 s
1639 1227 1673 1255 et

262 1302 385 1349 expen'
405 1315 416 1335 s
438 1301 528 1335 Item
548 1301 590 1335 de
609 1301 812 1347 preintratis
833 1313 844 1333 l
865 1300 990 1346 expen'
1008 1300 1067 1334 xix
1086 1298 1195 1345 girlfis
1213 1312 1225 1333 l
1244 1304 1279 1333 et
1297 1298 1339 1333 fic
1357 1298 1494 1333 restant.

742 1378 886 1413 Summa
904 1378 937 1424 iij
957 1378 981 1412 11
1000 1378 1059 1412 xix
1078 1382 1092 1412 ἓ
1110 1377 1141 1424 vj
1161 1377 1196 1411 d.

309 1543 390 1572 DIE
415 1542 615 1572 VENERIS
634 1535 784 1570 secundo
805 1535 943 1569 Mercii.
998 1539 1249 1570 PANETRIA.
1282 1533 1340 1567 De
1365 1534 1565 1580 preintratis
1585 1547 1595 1567 s
1615 1547 1672 1568 ex-

258 1615 337 1660 pen’
356 1615 392 1648 in
411 1614 586 1647 dominico
598 1614 657 1659 xiij
671 1625 777 1660 panes
798 1626 808 1647 l
829 1613 871 1647 de
884 1612 1035 1646 secundo
1051 1611 1207 1658 expen’jc
1221 1611 1342 1645 lxxxix
1353 1624 1460 1659 panes
1479 1628 1489 1645 ι
1511 1611 1601 1646 Item
1615 1624 1671 1646 ex-

259 1693 337 1738 pen’
357 1692 392 1725 in
410 1691 550 1738 pastillis
568 1692 675 1725 xxxix
693 1703 799 1737 panes
819 1704 829 1725 l
850 1690 993 1725 Summa
1010 1688 1237 1735 expensarum
1265 1689 1299 1735 ijc
1329 1689 1388 1735 xxj
1420 1701 1527 1735 panes
1545 1705 1556 1722 ι
1576 1694 1610 1722 et
1628 1688 1671 1723 fic

260 1768 388 1803 restant
406 1769 498 1815 viijss'
517 1774 549 1802 vc
567 1768 626 1815 lxij
646 1781 762 1815 panes,
815 1773 1102 1803 BUTELARIA.
1149 1766 1207 1801 De
1237 1765 1379 1801 ceruifia
1398 1780 1409 1801 s
1430 1768 1553 1813 expen’
1571 1766 1605 1800 lv
1624 1767 1671 1800 la-

256 1848 337 1892 gine
356 1847 376 1893 ij
397 1852 519 1892 quarte
539 1845 679 1880 ceruifie
699 1859 710 1880 l
730 1852 765 1880 et
782 1844 825 1880 fic
843 1844 969 1880 restant
988 1845 1022 1892 ijc
1040 1845 1212 1892 lxxxxviij
1233 1845 1348 1891 lagine
1374 1847 1387 1892 j
1420 1850 1543 1890 quarta
1561 1845 1669 1879 cerui-

257 1924 311 1959 fie.
364 1931 578 1968 COQUINA.
607 1924 665 1958 De
684 1923 885 1970 preintratis
904 1936 915 1957 s
934 1924 1057 1970 expen'
1075 1923 1121 1970 xij
1142 1922 1328 1957 mulounes
1345 1922 1430 1969 aridj
1452 1939 1462 1955 ι
1484 1923 1517 1956 ix
1540 1922 1670 1968 rigadia

257 2081 383 2115 restant
409 2081 464 2115 v‘D
494 2082 541 2127 iijc
569 2080 592 2127 lJ
620 2080 728 2114 alleca
759 2078 840 2113 salsa
859 2092 870 2113 l
889 2078 935 2126 vjc
963 2078 1094 2125 lxxxvij
1127 2077 1313 2112 mulounes
1341 2078 1427 2125 aridJ'
1448 2080 1500 2124 [jc
1519 2077 1666 2122 lxxxviij

257 2158 389 2204 rigadia
418 2158 513 2192 arida
533 2171 544 2191 s
564 2157 681 2203 xviijffl
694 2157 721 2204 jc
739 2157 827 2192 lxxx
845 2156 1032 2203 speldingis
1051 2172 1061 2188 ι
1081 2155 1173 2202 xxvij
1206 2161 1304 2202 petre
1334 2155 1391 2202 viij
1421 2155 1508 2189 libre
1536 2154 1640 2200 butirJ'
1656 2170 1665 2185 s

257 2236 347 2270 Item
367 2236 471 2282 empt'
490 2235 511 2281 lj
532 2235 692 2270 mulones
709 2239 867 2268 recentes
886 2250 895 2267 s
916 2234 976 2280 iiijc
1002 2233 1110 2267 alleca
1136 2233 1290 2267 recentia
1308 2249 1318 2266 ι
1339 2232 1422 2280 lxxiJ'
1442 2231 1508 2278 albj
1528 2230 1633 2278 pisces
1654 2244 1664 2264 s

251 2314 264 2359 J'
285 2320 407 2359 quarta
434 2313 591 2348 turbonis
624 2326 632 2348 l
666 2313 687 2359 iJ'
720 2311 889 2347 salmones
921 2317 1078 2346 recentes
1097 2324 1108 2346 1
1129 2311 1150 2358 ij
1170 2311 1293 2357 leingis
1313 2324 1324 2345 s
1343 2311 1365 2357 ij
1385 2308 1589 2356 bronoscopJ'
1612 2322 1622 2341 s
1642 2309 1663 2355 iJ'
