<?xml version="1.0" encoding="UTF-8"?>
<!DOCTYPE html PUBLIC "-//W3C//DTD XHTML 1.0 Transitional//EN"
    "http://www.w3.org/TR/xhtml1/DTD/xhtml1-transitional.dtd">
<html xmlns="http://www.w3.org/1999/xhtml" xml:lang="en" lang="en">
 <head>
  <title>
</title>
<meta http-equiv="Content-Type" content="text/html;charset=utf-8" />
  <meta name='ocr-system' content='tesseract 3.04.00' />
  <meta name='ocr-capabilities' content='ocr_page ocr_carea ocr_par ocr_line ocrx_word'/>
</head>
<body>
  <div class='ocr_page' id='page_1' title='image "./excerptaelibrisd00bann_0317.png"; bbox 0 0 1861 2703; ppageno 0'>
   <div class='ocr_carea' id='block_1_1' title="bbox 97 251 1504 306">
    <p class='ocr_par' dir='ltr' id='par_1_1' title="bbox 97 251 1504 306">
     <span class='ocr_line' id='line_1_1' title="bbox 97 251 1504 306; baseline -0.007 0"><span class='ocrx_word' id='word_1_1' title='bbox 97 275 200 306; x_wconf 84' lang='lat'><strong>1533.</strong></span> <span class='ocrx_word' id='word_1_2' title='bbox 274 251 278 254; x_wconf 70' lang='grc'><strong><em>’</em></strong></span> <span class='ocrx_word' id='word_1_3' title='bbox 669 265 951 301; x_wconf 83' lang='lat' dir='ltr'><strong>APPENDIX.</strong></span> <span class='ocrx_word' id='word_1_4' title='bbox 1464 267 1504 297; x_wconf 68' lang='lat'><strong>4-:3</strong></span> 
     </span>
    </p>
   </div>
   <div class='ocr_carea' id='block_1_2' title="bbox 91 360 1780 805">
    <p class='ocr_par' dir='ltr' id='par_1_2' title="bbox 91 360 1780 805">
     <span class='ocr_line' id='line_1_2' title="bbox 92 360 1508 409; baseline -0.007 -10"><span class='ocrx_word' id='word_1_5' title='bbox 92 369 229 409; x_wconf 86' lang='lat' dir='ltr'><strong>Glasqw,</strong></span> <span class='ocrx_word' id='word_1_6' title='bbox 252 364 473 409; x_wconf 82' lang='lat' dir='ltr'><strong>peregriuando</strong></span> <span class='ocrx_word' id='word_1_7' title='bbox 499 363 537 396; x_wconf 86' lang='lat' dir='ltr'><strong>ad</strong></span> <span class='ocrx_word' id='word_1_8' title='bbox 567 364 713 396; x_wconf 83' lang='lat' dir='ltr'><strong>Sanctum</strong></span> <span class='ocrx_word' id='word_1_9' title='bbox 731 363 909 400; x_wconf 85' lang='lat' dir='ltr'><strong>Ninianum‚</strong></span> <span class='ocrx_word' id='word_1_10' title='bbox 943 368 1006 393; x_wconf 78' lang='lat' dir='ltr'><strong>tota</strong></span> <span class='ocrx_word' id='word_1_11' title='bbox 1032 361 1145 393; x_wconf 83' lang='lat' dir='ltr'><strong>familia</strong></span> <span class='ocrx_word' id='word_1_12' title='bbox 1171 367 1345 392; x_wconf 82' lang='lat' dir='ltr'>remanente</span> <span class='ocrx_word' id='word_1_13' title='bbox 1371 360 1402 390; x_wconf 87' lang='lat' dir='ltr'><strong>in</strong></span> <span class='ocrx_word' id='word_1_14' title='bbox 1433 360 1508 390; x_wconf 75' lang='lat' dir='ltr'><strong>Stir-</strong></span> 
     </span>
     <span class='ocr_line' id='line_1_3' title="bbox 91 434 165 475; baseline 0.014 -11"><span class='ocrx_word' id='word_1_15' title='bbox 91 434 165 475; x_wconf 89' lang='lat' dir='ltr'><strong>ling.</strong></span> 
     </span>
     <span class='ocr_line' id='line_1_4' title="bbox 135 496 948 537; baseline -0.002 -9"><span class='ocrx_word' id='word_1_16' title='bbox 135 499 201 529; x_wconf 72' lang='lat' dir='ltr'><strong>Dm</strong></span> <span class='ocrx_word' id='word_1_17' title='bbox 217 498 315 528; x_wconf 78' lang='lat' dir='ltr'><strong>J001s</strong></span> <span class='ocrx_word' id='word_1_18' title='bbox 332 497 375 528; x_wconf 87' lang='lat' dir='ltr'><strong>xii</strong></span> <span class='ocrx_word' id='word_1_19' title='bbox 389 497 485 529; x_wconf 86' lang='lat' dir='ltr'><strong>Junii.</strong></span> <span class='ocrx_word' id='word_1_20' title='bbox 527 499 648 529; x_wconf 71' lang='lat' dir='ltr'><strong>Festum</strong></span> <span class='ocrx_word' id='word_1_21' title='bbox 667 497 807 537; x_wconf 72' lang='lat' dir='ltr'><strong>Corporis</strong></span> <span class='ocrx_word' id='word_1_22' title='bbox 826 496 948 527; x_wconf 75' lang='lat' dir='ltr'><strong>Christi.</strong></span> 
     </span>
     <span class='ocr_line' id='line_1_5' title="bbox 400 560 1201 602; baseline -0.005 -7"><span class='ocrx_word' id='word_1_23' title='bbox 400 564 527 595; x_wconf 86' lang='lat' dir='ltr'><strong>Summa</strong></span> <span class='ocrx_word' id='word_1_24' title='bbox 541 563 643 595; x_wconf 81' lang='lat' dir='ltr'><strong>totalis</strong></span> <span class='ocrx_word' id='word_1_25' title='bbox 657 563 768 594; x_wconf 85' lang='lat' dir='ltr'>mensis</span> <span class='ocrx_word' id='word_1_26' title='bbox 782 562 802 593; x_wconf 86' lang='lat' dir='ltr'>J</span> <span class='ocrx_word' id='word_1_27' title='bbox 806 561 868 593; x_wconf 85' lang='lat' dir='ltr'><strong>unii</strong></span> <span class='ocrx_word' id='word_1_28' title='bbox 880 562 904 602; x_wconf 81' lang='lat' dir='ltr'><strong>jc</strong></span> <span class='ocrx_word' id='word_1_29' title='bbox 918 560 960 602; x_wconf 90' lang='lat' dir='ltr'>ij</span> <span class='ocrx_word' id='word_1_30' title='bbox 975 560 999 591; x_wconf 72' lang='lat' dir='ltr'><strong>ti</strong></span> <span class='ocrx_word' id='word_1_31' title='bbox 1014 560 1056 601; x_wconf 77' lang='lat' dir='ltr'><strong>iiij</strong></span> <span class='ocrx_word' id='word_1_32' title='bbox 1075 563 1086 590; x_wconf 76' lang='grc' dir='ltr'>ἐ</span> <span class='ocrx_word' id='word_1_33' title='bbox 1104 560 1155 601; x_wconf 89' lang='lat' dir='ltr'><strong>viij</strong></span> <span class='ocrx_word' id='word_1_34' title='bbox 1172 562 1201 591; x_wconf 88' lang='lat' dir='ltr'><strong>d.</strong></span> 
     </span>
     <span class='ocr_line' id='line_1_6' title="bbox 1219 625 1302 648; baseline 0 0"><span class='ocrx_word' id='word_1_35' title='bbox 1219 625 1302 648; x_wconf 75' lang='lat' dir='ltr'><strong>Tenet.</strong></span> 
     </span>
     <span class='ocr_line' id='line_1_7' title="bbox 134 692 1087 737; baseline -0.005 -10"><span class='ocrx_word' id='word_1_36' title='bbox 134 697 202 727; x_wconf 76' lang='lat' dir='ltr'><strong>Dm</strong></span> <span class='ocrx_word' id='word_1_37' title='bbox 219 695 240 726; x_wconf 85' lang='lat' dir='ltr'>J</span> <span class='ocrx_word' id='word_1_38' title='bbox 245 706 316 727; x_wconf 84' lang='lat' dir='ltr'><strong>oms</strong></span> <span class='ocrx_word' id='word_1_39' title='bbox 331 696 364 727; x_wconf 83' lang='lat' dir='ltr'><strong>iii</strong></span> <span class='ocrx_word' id='word_1_40' title='bbox 378 695 465 727; x_wconf 86' lang='lat' dir='ltr'><strong>Julii.</strong></span> <span class='ocrx_word' id='word_1_41' title='bbox 509 695 584 737; x_wconf 82' lang='lat' dir='ltr'><strong>xlej</strong></span> <span class='ocrx_word' id='word_1_42' title='bbox 601 694 710 737; x_wconf 66' lang='lat' dir='ltr'><strong>pustre,</strong></span> <span class='ocrx_word' id='word_1_43' title='bbox 724 694 765 735; x_wconf 80' lang='lat' dir='ltr'><strong>iiij</strong></span> <span class='ocrx_word' id='word_1_44' title='bbox 781 704 867 731; x_wconf 84' lang='lat' dir='ltr'><strong>auce,</strong></span> <span class='ocrx_word' id='word_1_45' title='bbox 884 703 958 724; x_wconf 87' lang='lat' dir='ltr'><strong>cane</strong></span> <span class='ocrx_word' id='word_1_46' title='bbox 973 692 1010 723; x_wconf 89' lang='lat' dir='ltr'><strong>de</strong></span> <span class='ocrx_word' id='word_1_47' title='bbox 1029 692 1087 723; x_wconf 85' lang='lat' dir='ltr'><strong>Fif.</strong></span> 
     </span>
     <span class='ocr_line' id='line_1_8' title="bbox 141 757 1780 805; baseline -0.005 -11"><span class='ocrx_word' id='word_1_48' title='bbox 141 762 284 804; x_wconf 86' lang='lat' dir='ltr'><strong>Expense</strong></span> <span class='ocrx_word' id='word_1_49' title='bbox 298 762 425 793; x_wconf 89' lang='lat' dir='ltr'><strong>Domini</strong></span> <span class='ocrx_word' id='word_1_50' title='bbox 443 761 540 804; x_wconf 82' lang='lat' dir='ltr'><strong>Regis</strong></span> <span class='ocrx_word' id='word_1_51' title='bbox 554 760 773 803; x_wconf 82' lang='lat' dir='ltr'><strong>peregrinando</strong></span> <span class='ocrx_word' id='word_1_52' title='bbox 794 759 832 790; x_wconf 84' lang='lat' dir='ltr'><strong>ad</strong></span> <span class='ocrx_word' id='word_1_53' title='bbox 862 759 1009 790; x_wconf 83' lang='lat' dir='ltr'><strong>Sanctum</strong></span> <span class='ocrx_word' id='word_1_54' title='bbox 1026 757 1194 790; x_wconf 84' lang='lat' dir='ltr'><strong>Ninianum</strong></span> <span class='ocrx_word' id='word_1_55' title='bbox 1214 769 1233 789; x_wconf 86' lang='lat' dir='ltr'>a</span> <span class='ocrx_word' id='word_1_56' title='bbox 1254 757 1302 789; x_wconf 85' lang='lat' dir='ltr'><strong>(lie</strong></span> <span class='ocrx_word' id='word_1_57' title='bbox 1319 757 1464 788; x_wconf 84' lang='lat' dir='ltr'><strong>Mercurii</strong></span> <span class='ocrx_word' id='word_1_58' title='bbox 1479 758 1509 798; x_wconf 81' lang='lat' dir='ltr'><strong>xj</strong></span> <span class='ocrx_word' id='word_1_59' title='bbox 1540 761 1639 805; x_wconf 60' lang='lat' dir='ltr'><strong>Sanctus</strong></span> <span class='ocrx_word' id='word_1_60' title='bbox 1656 761 1780 782; x_wconf 55' lang='lat' dir='ltr'><strong>sinnam„</strong></span> 
     </span>
    </p>
   </div>
   <div class='ocr_carea' id='block_1_3' title="bbox 94 801 1654 869">
    <p class='ocr_par' dir='ltr' id='par_1_3' title="bbox 94 801 1654 869">
     <span class='ocr_line' id='line_1_9' title="bbox 94 801 1654 869; baseline -0.004 -10"><span class='ocrx_word' id='word_1_61' title='bbox 94 829 113 859; x_wconf 90' lang='lat' dir='ltr'>J</span> <span class='ocrx_word' id='word_1_62' title='bbox 117 829 179 859; x_wconf 90' lang='lat' dir='ltr'><strong>unii</strong></span> <span class='ocrx_word' id='word_1_63' title='bbox 194 829 225 858; x_wconf 90' lang='lat' dir='ltr'><strong>in</strong></span> <span class='ocrx_word' id='word_1_64' title='bbox 241 839 315 860; x_wconf 87' lang='lat' dir='ltr'><strong>cena</strong></span> <span class='ocrx_word' id='word_1_65' title='bbox 330 828 477 859; x_wconf 82' lang='lat' dir='ltr'><strong>inclusiue</strong></span> <span class='ocrx_word' id='word_1_66' title='bbox 490 838 585 869; x_wconf 85' lang='lat' dir='ltr'><strong>vsque</strong></span> <span class='ocrx_word' id='word_1_67' title='bbox 598 827 678 858; x_wconf 91' lang='lat' dir='ltr'><strong>diem</strong></span> <span class='ocrx_word' id='word_1_68' title='bbox 690 825 777 857; x_wconf 87' lang='lat' dir='ltr'><strong>Jouis</strong></span> <span class='ocrx_word' id='word_1_69' title='bbox 792 830 968 866; x_wconf 87' lang='lat' dir='ltr'><strong>sequentem</strong></span> <span class='ocrx_word' id='word_1_70' title='bbox 984 823 1015 854; x_wconf 90' lang='lat' dir='ltr'><strong>in</strong></span> <span class='ocrx_word' id='word_1_71' title='bbox 1030 823 1156 865; x_wconf 87' lang='lat' dir='ltr'><strong>prandio</strong></span> <span class='ocrx_word' id='word_1_72' title='bbox 1169 823 1250 865; x_wconf 88' lang='lat' dir='ltr'><strong>apud</strong></span> <span class='ocrx_word' id='word_1_73' title='bbox 1269 823 1397 865; x_wconf 86' lang='lat' dir='ltr'><strong>Stirling</strong></span> <span class='ocrx_word' id='word_1_74' title='bbox 1419 822 1510 854; x_wconf 84' lang='lat' dir='ltr'><strong>etiam</strong></span> <span class='ocrx_word' id='word_1_75' title='bbox 1540 801 1654 866; x_wconf 45' lang='lat' dir='ltr'><strong>eigtoun.</strong></span> 
     </span>
    </p>
   </div>
   <div class='ocr_carea' id='block_1_4' title="bbox 1542 877 1729 900">
    <p class='ocr_par' dir='ltr' id='par_1_4' title="bbox 1542 877 1729 900">
     <span class='ocr_line' id='line_1_10' title="bbox 1542 877 1729 900; baseline -0.021 0"><span class='ocrx_word' id='word_1_76' title='bbox 1542 877 1649 900; x_wconf 79' lang='lat' dir='ltr'><strong>Candida</strong></span> <span class='ocrx_word' id='word_1_77' title='bbox 1662 877 1729 898; x_wconf 59' lang='lat' dir='ltr'><strong>Casa.</strong></span> 
     </span>
    </p>
   </div>
   <div class='ocr_carea' id='block_1_5' title="bbox 95 890 1660 942">
    <p class='ocr_par' dir='ltr' id='par_1_5' title="bbox 95 890 1660 942">
     <span class='ocr_line' id='line_1_11' title="bbox 95 890 1660 942; baseline -0.004 -17"><span class='ocrx_word' id='word_1_78' title='bbox 95 895 253 932; x_wconf 85' lang='lat' dir='ltr'><strong>inclusiue,</strong></span> <span class='ocrx_word' id='word_1_79' title='bbox 277 895 308 925; x_wconf 88' lang='lat' dir='ltr'><strong>in</strong></span> <span class='ocrx_word' id='word_1_80' title='bbox 337 894 402 931; x_wconf 65' lang='lat' dir='ltr'><strong>Ais,</strong></span> <span class='ocrx_word' id='word_1_81' title='bbox 435 893 585 935; x_wconf 87' lang='lat' dir='ltr'><strong>Vigtoun,</strong></span> <span class='ocrx_word' id='word_1_82' title='bbox 616 892 755 924; x_wconf 87' lang='lat' dir='ltr'><strong>Candida</strong></span> <span class='ocrx_word' id='word_1_83' title='bbox 780 892 870 928; x_wconf 82' lang='lat' dir='ltr'><strong>Casa,</strong></span> <span class='ocrx_word' id='word_1_84' title='bbox 901 896 932 922; x_wconf 86' lang='lat' dir='ltr'><strong>et</strong></span> <span class='ocrx_word' id='word_1_85' title='bbox 957 890 1113 921; x_wconf 84' lang='lat' dir='ltr'><strong>Dumfi·es.</strong></span> <span class='ocrx_word' id='word_1_86' title='bbox 1182 890 1286 931; x_wconf 78' lang='lat' dir='ltr'><strong>Empt’</strong></span> <span class='ocrx_word' id='word_1_87' title='bbox 1312 890 1343 920; x_wconf 88' lang='lat' dir='ltr'><strong>iu</strong></span> <span class='ocrx_word' id='word_1_88' title='bbox 1370 890 1509 932; x_wconf 85' lang='lat' dir='ltr'><strong>panibus,</strong></span> <span class='ocrx_word' id='word_1_89' title='bbox 1543 920 1660 942; x_wconf 72' lang='lat' dir='ltr'><strong>Dumfres.</strong></span> 
     </span>
    </p>
   </div>
   <div class='ocr_carea' id='block_1_6' title="bbox 91 955 1693 2318">
    <p class='ocr_par' dir='ltr' id='par_1_6' title="bbox 91 955 1693 2318">
     <span class='ocr_line' id='line_1_12' title="bbox 92 955 1512 997; baseline -0.004 -6"><span class='ocrx_word' id='word_1_90' title='bbox 92 960 229 997; x_wconf 85' lang='lat' dir='ltr'><strong>ceruisia‚</strong></span> <span class='ocrx_word' id='word_1_91' title='bbox 246 960 359 997; x_wconf 78' lang='lat' dir='ltr'><strong>mertis,</strong></span> <span class='ocrx_word' id='word_1_92' title='bbox 377 958 563 996; x_wconf 88' lang='lat' dir='ltr'><strong>mutonibus‚</strong></span> <span class='ocrx_word' id='word_1_93' title='bbox 579 957 771 994; x_wconf 84' lang='lat' dir='ltr'><strong>carbonibus,</strong></span> <span class='ocrx_word' id='word_1_94' title='bbox 788 956 932 994; x_wconf 88' lang='lat' dir='ltr'><strong>candelis,</strong></span> <span class='ocrx_word' id='word_1_95' title='bbox 948 966 1066 987; x_wconf 86' lang='lat' dir='ltr'>necnon</span> <span class='ocrx_word' id='word_1_96' title='bbox 1081 955 1220 997; x_wconf 83' lang='lat' dir='ltr'><strong>cariagiis</strong></span> <span class='ocrx_word' id='word_1_97' title='bbox 1239 955 1320 997; x_wconf 87' lang='lat' dir='ltr'><strong>apud</strong></span> <span class='ocrx_word' id='word_1_98' title='bbox 1339 956 1512 986; x_wconf 84' lang='lat' dir='ltr'><strong>Crammald</strong></span> 
     </span>
     <span class='ocr_line' id='line_1_13' title="bbox 91 1020 1513 1064; baseline -0.002 -8"><span class='ocrx_word' id='word_1_99' title='bbox 91 1025 254 1062; x_wconf 88' lang='lat' dir='ltr'><strong>redeundo,</strong></span> <span class='ocrx_word' id='word_1_100' title='bbox 278 1031 308 1056; x_wconf 88' lang='lat' dir='ltr'><strong>et</strong></span> <span class='ocrx_word' id='word_1_101' title='bbox 324 1024 465 1055; x_wconf 89' lang='lat' dir='ltr'><strong>omnibus</strong></span> <span class='ocrx_word' id='word_1_102' title='bbox 480 1024 547 1055; x_wconf 79' lang='lat' dir='ltr'><strong>aliis</strong></span> <span class='ocrx_word' id='word_1_103' title='bbox 568 1023 694 1054; x_wconf 81' lang='lat' dir='ltr'><strong>minutis</strong></span> <span class='ocrx_word' id='word_1_104' title='bbox 719 1022 870 1064; x_wconf 82' lang='lat' dir='ltr'><strong>expensis,</strong></span> <span class='ocrx_word' id='word_1_105' title='bbox 898 1027 931 1053; x_wconf 87' lang='lat' dir='ltr'><strong>vt</strong></span> <span class='ocrx_word' id='word_1_106' title='bbox 956 1027 1041 1064; x_wconf 85' lang='lat' dir='ltr'><strong>patet</strong></span> <span class='ocrx_word' id='word_1_107' title='bbox 1063 1021 1095 1052; x_wconf 86' lang='lat' dir='ltr'><strong>in</strong></span> <span class='ocrx_word' id='word_1_108' title='bbox 1117 1021 1244 1052; x_wconf 84' lang='lat' dir='ltr'><strong>diuersis</strong></span> <span class='ocrx_word' id='word_1_109' title='bbox 1269 1020 1394 1052; x_wconf 87' lang='lat' dir='ltr'><strong>Cedulis</strong></span> <span class='ocrx_word' id='word_1_110' title='bbox 1419 1021 1513 1053; x_wconf 80' lang='lat' dir='ltr'><strong>dicta-</strong></span> 
     </span>
     <span class='ocr_line' id='line_1_14' title="bbox 91 1087 1168 1132; baseline -0.004 -11"><span class='ocrx_word' id='word_1_111' title='bbox 91 1101 158 1121; x_wconf 88' lang='lat' dir='ltr'><strong>rum</strong></span> <span class='ocrx_word' id='word_1_112' title='bbox 172 1101 374 1132; x_wconf 83' lang='lat' dir='ltr'><strong>expensarum</strong></span> <span class='ocrx_word' id='word_1_113' title='bbox 389 1090 518 1122; x_wconf 87' lang='lat' dir='ltr'><strong>ostensis</strong></span> <span class='ocrx_word' id='word_1_114' title='bbox 533 1100 624 1132; x_wconf 88' lang='lat' dir='ltr'><strong>super</strong></span> <span class='ocrx_word' id='word_1_115' title='bbox 641 1089 839 1130; x_wconf 81' lang='lat' dir='ltr'><strong>Compotum,</strong></span> <span class='ocrx_word' id='word_1_116' title='bbox 855 1088 950 1128; x_wconf 84' lang='lat' dir='ltr'><strong>xxxvj</strong></span> <span class='ocrx_word' id='word_1_117' title='bbox 967 1087 989 1117; x_wconf 72' lang='lat' dir='ltr'><strong>ii</strong></span> <span class='ocrx_word' id='word_1_118' title='bbox 1005 1087 1046 1129; x_wconf 82' lang='lat' dir='ltr'><strong>iiij</strong></span> <span class='ocrx_word' id='word_1_119' title='bbox 1064 1090 1076 1117; x_wconf 76' lang='grc' dir='ltr'>ἒ</span> <span class='ocrx_word' id='word_1_120' title='bbox 1092 1087 1123 1128; x_wconf 80' lang='lat' dir='ltr'><strong>xj</strong></span> <span class='ocrx_word' id='word_1_121' title='bbox 1139 1089 1168 1117; x_wconf 84' lang='lat' dir='ltr'><strong>d.</strong></span> 
     </span>
     <span class='ocr_line' id='line_1_15' title="bbox 136 1153 1514 1196; baseline -0.001 -10"><span class='ocrx_word' id='word_1_122' title='bbox 136 1156 202 1186; x_wconf 77' lang='lat' dir='ltr'><strong>Dm</strong></span> <span class='ocrx_word' id='word_1_123' title='bbox 221 1156 390 1187; x_wconf 76' lang='lat' dir='ltr'><strong>Donnmco</strong></span> <span class='ocrx_word' id='word_1_124' title='bbox 406 1156 437 1187; x_wconf 87' lang='lat' dir='ltr'><strong>vi</strong></span> <span class='ocrx_word' id='word_1_125' title='bbox 452 1155 538 1186; x_wconf 86' lang='lat' dir='ltr'><strong>Julii.</strong></span> <span class='ocrx_word' id='word_1_126' title='bbox 594 1155 711 1186; x_wconf 79' lang='lat' dir='ltr'><strong>Intrata</strong></span> <span class='ocrx_word' id='word_1_127' title='bbox 735 1165 773 1185; x_wconf 80' lang='lat' dir='ltr'><strong>ex</strong></span> <span class='ocrx_word' id='word_1_128' title='bbox 798 1153 879 1185; x_wconf 88' lang='lat' dir='ltr'><strong>dono</strong></span> <span class='ocrx_word' id='word_1_129' title='bbox 898 1153 1027 1195; x_wconf 71' lang='lat' dir='ltr'><strong>Georgii</strong></span> <span class='ocrx_word' id='word_1_130' title='bbox 1053 1153 1160 1185; x_wconf 82' lang='lat' dir='ltr'>Schaw</span> <span class='ocrx_word' id='word_1_131' title='bbox 1182 1154 1196 1194; x_wconf 85' lang='lat' dir='ltr'><strong>j</strong></span> <span class='ocrx_word' id='word_1_132' title='bbox 1220 1159 1315 1185; x_wconf 84' lang='lat' dir='ltr'><strong>merta</strong></span> <span class='ocrx_word' id='word_1_133' title='bbox 1337 1160 1424 1196; x_wconf 81' lang='lat' dir='ltr'><strong>pasta</strong></span> <span class='ocrx_word' id='word_1_134' title='bbox 1446 1166 1514 1185; x_wconf 88' lang='lat' dir='ltr'><strong>eum</strong></span> 
     </span>
     <span class='ocr_line' id='line_1_16' title="bbox 93 1221 684 1264; baseline 0 -12"><span class='ocrx_word' id='word_1_135' title='bbox 93 1223 198 1254; x_wconf 76' lang='lat' dir='ltr'><strong>cottio.</strong></span> <span class='ocrx_word' id='word_1_136' title='bbox 247 1223 349 1264; x_wconf 81' lang='lat' dir='ltr'><strong>Empt’</strong></span> <span class='ocrx_word' id='word_1_137' title='bbox 367 1222 465 1253; x_wconf 83' lang='lat' dir='ltr'><strong>xxxvi</strong></span> <span class='ocrx_word' id='word_1_138' title='bbox 479 1221 684 1263; x_wconf 76' lang='lat' dir='ltr'><strong>muirpouttis.</strong></span> 
     </span>
     <span class='ocr_line' id='line_1_17' title="bbox 139 1287 1649 1319; baseline -0.001 -1"><span class='ocrx_word' id='word_1_139' title='bbox 139 1289 208 1319; x_wconf 74' lang='lat' dir='ltr'><strong>Du:</strong></span> <span class='ocrx_word' id='word_1_140' title='bbox 226 1288 326 1319; x_wconf 62' lang='lat' dir='ltr'><strong>Luna</strong></span> <span class='ocrx_word' id='word_1_141' title='bbox 343 1288 385 1319; x_wconf 78' lang='lat' dir='ltr'><strong>vii</strong></span> <span class='ocrx_word' id='word_1_142' title='bbox 400 1287 486 1319; x_wconf 88' lang='lat' dir='ltr'><strong>Julii.</strong></span> <span class='ocrx_word' id='word_1_143' title='bbox 1546 1289 1649 1316; x_wconf 61' lang='lat' dir='ltr'><strong>surum-g.</strong></span> 
     </span>
     <span class='ocr_line' id='line_1_18' title="bbox 138 1352 1686 1394; baseline -0.001 -10"><span class='ocrx_word' id='word_1_144' title='bbox 138 1354 206 1384; x_wconf 79' lang='lat' dir='ltr'><strong>Du:</strong></span> <span class='ocrx_word' id='word_1_145' title='bbox 238 1354 365 1384; x_wconf 65' lang='lat' dir='ltr'><strong>Sfflon</strong></span> <span class='ocrx_word' id='word_1_146' title='bbox 394 1354 437 1384; x_wconf 80' lang='lat' dir='ltr'><strong>xii</strong></span> <span class='ocrx_word' id='word_1_147' title='bbox 463 1353 548 1384; x_wconf 88' lang='lat' dir='ltr'><strong>Julii.</strong></span> <span class='ocrx_word' id='word_1_148' title='bbox 605 1353 708 1384; x_wconf 86' lang='lat' dir='ltr'><strong>Hodie</strong></span> <span class='ocrx_word' id='word_1_149' title='bbox 733 1353 887 1384; x_wconf 89' lang='lat' dir='ltr'><strong>Dominus</strong></span> <span class='ocrx_word' id='word_1_150' title='bbox 915 1352 986 1384; x_wconf 83' lang='lat' dir='ltr'><strong>Rex</strong></span> <span class='ocrx_word' id='word_1_151' title='bbox 1008 1352 1159 1394; x_wconf 79' lang='lat' dir='ltr'><strong>equitauit</strong></span> <span class='ocrx_word' id='word_1_152' title='bbox 1184 1352 1221 1383; x_wconf 90' lang='lat' dir='ltr'><strong>de</strong></span> <span class='ocrx_word' id='word_1_153' title='bbox 1256 1352 1384 1394; x_wconf 83' lang='lat' dir='ltr'><strong>Stirling</strong></span> <span class='ocrx_word' id='word_1_154' title='bbox 1410 1363 1512 1383; x_wconf 72' lang='lat' dir='ltr'><strong>versus</strong></span> <span class='ocrx_word' id='word_1_155' title='bbox 1546 1354 1686 1378; x_wconf 71' lang='lat' dir='ltr'><strong>Faulkhmd-</strong></span> 
     </span>
     <span class='ocr_line' id='line_1_19' title="bbox 99 1418 1517 1460; baseline -0.001 -10"><span class='ocrx_word' id='word_1_156' title='bbox 99 1419 279 1451; x_wconf 84' lang='lat' dir='ltr'><strong>Faulkland.</strong></span> <span class='ocrx_word' id='word_1_157' title='bbox 328 1419 433 1450; x_wconf 86' lang='lat' dir='ltr'><strong>Intrat’</strong></span> <span class='ocrx_word' id='word_1_158' title='bbox 449 1418 491 1460; x_wconf 84' lang='lat' dir='ltr'><strong>iiij</strong></span> <span class='ocrx_word' id='word_1_159' title='bbox 509 1419 607 1450; x_wconf 89' lang='lat' dir='ltr'><strong>celdre</strong></span> <span class='ocrx_word' id='word_1_160' title='bbox 625 1419 667 1460; x_wconf 82' lang='lat' dir='ltr'><strong>iiij</strong></span> <span class='ocrx_word' id='word_1_161' title='bbox 684 1419 764 1450; x_wconf 73' lang='lat' dir='ltr'><strong>boile</strong></span> <span class='ocrx_word' id='word_1_162' title='bbox 779 1418 924 1450; x_wconf 82' lang='lat' dir='ltr'><strong>frumenti</strong></span> <span class='ocrx_word' id='word_1_163' title='bbox 945 1418 983 1450; x_wconf 91' lang='lat' dir='ltr'><strong>de</strong></span> <span class='ocrx_word' id='word_1_164' title='bbox 1005 1418 1097 1449; x_wconf 86' lang='lat' dir='ltr'><strong>firmis</strong></span> <span class='ocrx_word' id='word_1_165' title='bbox 1112 1418 1149 1449; x_wconf 92' lang='lat' dir='ltr'><strong>de</strong></span> <span class='ocrx_word' id='word_1_166' title='bbox 1168 1419 1230 1449; x_wconf 86' lang='lat' dir='ltr'><strong>Fif.</strong></span> <span class='ocrx_word' id='word_1_167' title='bbox 1279 1419 1357 1449; x_wconf 78' lang='lat' dir='ltr'><strong>Item</strong></span> <span class='ocrx_word' id='word_1_168' title='bbox 1378 1418 1391 1458; x_wconf 86' lang='lat' dir='ltr'><strong>j</strong></span> <span class='ocrx_word' id='word_1_169' title='bbox 1419 1418 1517 1450; x_wconf 83' lang='lat' dir='ltr'><strong>celdra</strong></span> 
     </span>
     <span class='ocr_line' id='line_1_20' title="bbox 98 1484 566 1526; baseline 0 -11"><span class='ocrx_word' id='word_1_170' title='bbox 98 1486 139 1526; x_wconf 87' lang='lat' dir='ltr'><strong>xij</strong></span> <span class='ocrx_word' id='word_1_171' title='bbox 156 1485 237 1516; x_wconf 90' lang='lat' dir='ltr'><strong>bolle</strong></span> <span class='ocrx_word' id='word_1_172' title='bbox 254 1484 337 1516; x_wconf 84' lang='lat' dir='ltr'><strong>ordei</strong></span> <span class='ocrx_word' id='word_1_173' title='bbox 351 1484 436 1515; x_wconf 88' lang='lat' dir='ltr'><strong>firme</strong></span> <span class='ocrx_word' id='word_1_174' title='bbox 451 1485 489 1516; x_wconf 87' lang='lat' dir='ltr'><strong>de</strong></span> <span class='ocrx_word' id='word_1_175' title='bbox 507 1485 566 1515; x_wconf 89' lang='lat' dir='ltr'><strong>Fif.</strong></span> 
     </span>
     <span class='ocr_line' id='line_1_21' title="bbox 138 1549 924 1592; baseline 0.001 -11"><span class='ocrx_word' id='word_1_176' title='bbox 138 1551 208 1581; x_wconf 75' lang='lat' dir='ltr'><strong>Du:</strong></span> <span class='ocrx_word' id='word_1_177' title='bbox 224 1549 393 1581; x_wconf 74' lang='lat' dir='ltr'><strong>Dommco</strong></span> <span class='ocrx_word' id='word_1_178' title='bbox 409 1551 462 1581; x_wconf 84' lang='lat' dir='ltr'><strong>xiii</strong></span> <span class='ocrx_word' id='word_1_179' title='bbox 477 1551 563 1582; x_wconf 84' lang='lat' dir='ltr'><strong>Julii.</strong></span> <span class='ocrx_word' id='word_1_180' title='bbox 607 1551 648 1592; x_wconf 82' lang='lat' dir='ltr'><strong>xij</strong></span> <span class='ocrx_word' id='word_1_181' title='bbox 666 1562 796 1592; x_wconf 84' lang='lat' dir='ltr'><strong>capones</strong></span> <span class='ocrx_word' id='word_1_182' title='bbox 811 1551 848 1582; x_wconf 89' lang='lat' dir='ltr'><strong>de</strong></span> <span class='ocrx_word' id='word_1_183' title='bbox 866 1551 924 1582; x_wconf 85' lang='lat' dir='ltr'><strong>Fif.</strong></span> 
     </span>
     <span class='ocr_line' id='line_1_22' title="bbox 142 1616 861 1658; baseline 0.001 -12"><span class='ocrx_word' id='word_1_184' title='bbox 142 1617 210 1646; x_wconf 78' lang='lat' dir='ltr'><strong>Dm</strong></span> <span class='ocrx_word' id='word_1_185' title='bbox 230 1616 362 1646; x_wconf 73' lang='lat' dir='ltr'><strong>MAR‘rrs</strong></span> <span class='ocrx_word' id='word_1_186' title='bbox 377 1627 419 1647; x_wconf 84' lang='lat' dir='ltr'><strong>xv</strong></span> <span class='ocrx_word' id='word_1_187' title='bbox 434 1617 520 1647; x_wconf 86' lang='lat' dir='ltr'><strong>Julii.</strong></span> <span class='ocrx_word' id='word_1_188' title='bbox 564 1617 615 1658; x_wconf 83' lang='lat' dir='ltr'><strong>xvj</strong></span> <span class='ocrx_word' id='word_1_189' title='bbox 633 1617 732 1658; x_wconf 73' lang='lat' dir='ltr'><strong>pulcre</strong></span> <span class='ocrx_word' id='word_1_190' title='bbox 747 1617 784 1648; x_wconf 94' lang='lat' dir='ltr'><strong>de</strong></span> <span class='ocrx_word' id='word_1_191' title='bbox 802 1617 861 1647; x_wconf 88' lang='lat' dir='ltr'><strong>Fif.</strong></span> 
     </span>
     <span class='ocr_line' id='line_1_23' title="bbox 139 1681 1423 1725; baseline 0.001 -13"><span class='ocrx_word' id='word_1_192' title='bbox 139 1682 208 1713; x_wconf 76' lang='lat' dir='ltr'><strong>Dm</strong></span> <span class='ocrx_word' id='word_1_193' title='bbox 224 1681 245 1712; x_wconf 92' lang='lat' dir='ltr'>J</span> <span class='ocrx_word' id='word_1_194' title='bbox 247 1692 324 1712; x_wconf 81' lang='lat' dir='ltr'><strong>oms</strong></span> <span class='ocrx_word' id='word_1_195' title='bbox 339 1683 404 1713; x_wconf 85' lang='lat' dir='ltr'><strong>xvii</strong></span> <span class='ocrx_word' id='word_1_196' title='bbox 418 1682 505 1714; x_wconf 88' lang='lat' dir='ltr'><strong>Julii.</strong></span> <span class='ocrx_word' id='word_1_197' title='bbox 553 1682 602 1713; x_wconf 84' lang='lat' dir='ltr'><strong>Ex</strong></span> <span class='ocrx_word' id='word_1_198' title='bbox 616 1682 697 1713; x_wconf 90' lang='lat' dir='ltr'><strong>dono</strong></span> <span class='ocrx_word' id='word_1_199' title='bbox 714 1682 827 1714; x_wconf 88' lang='lat' dir='ltr'><strong>Prioris</strong></span> <span class='ocrx_word' id='word_1_200' title='bbox 843 1682 1058 1715; x_wconf 78' lang='lat' dir='ltr'><strong>Sanctiandree</strong></span> <span class='ocrx_word' id='word_1_201' title='bbox 1071 1693 1158 1714; x_wconf 78' lang='lat' dir='ltr'>xxxv</span> <span class='ocrx_word' id='word_1_202' title='bbox 1171 1683 1273 1725; x_wconf 87' lang='lat' dir='ltr'><strong>lagine</strong></span> <span class='ocrx_word' id='word_1_203' title='bbox 1288 1683 1423 1714; x_wconf 89' lang='lat' dir='ltr'><strong>ceruisie.</strong></span> 
     </span>
     <span class='ocr_line' id='line_1_24' title="bbox 143 1747 1629 1779; baseline 0.001 -2"><span class='ocrx_word' id='word_1_204' title='bbox 143 1748 213 1778; x_wconf 75' lang='lat' dir='ltr'><strong>Dm</strong></span> <span class='ocrx_word' id='word_1_205' title='bbox 233 1747 357 1778; x_wconf 55' lang='lat' dir='ltr'><strong>Sino-rx</strong></span> <span class='ocrx_word' id='word_1_206' title='bbox 372 1748 427 1779; x_wconf 85' lang='lat' dir='ltr'><strong>xix</strong></span> <span class='ocrx_word' id='word_1_207' title='bbox 442 1748 529 1779; x_wconf 88' lang='lat' dir='ltr'><strong>Julii.</strong></span> <span class='ocrx_word' id='word_1_208' title='bbox 1552 1756 1629 1779; x_wconf 58' lang='lat' dir='ltr'><strong>perth.</strong></span> 
     </span>
     <span class='ocr_line' id='line_1_25' title="bbox 144 1813 1520 1857; baseline 0.001 -13"><span class='ocrx_word' id='word_1_209' title='bbox 144 1813 213 1844; x_wconf 75' lang='lat' dir='ltr'><strong>Dm</strong></span> <span class='ocrx_word' id='word_1_210' title='bbox 232 1813 415 1845; x_wconf 73' lang='lat' dir='ltr'><strong>MERcunu</strong></span> <span class='ocrx_word' id='word_1_211' title='bbox 431 1814 508 1844; x_wconf 81' lang='lat' dir='ltr'><strong>xxxi</strong></span> <span class='ocrx_word' id='word_1_212' title='bbox 522 1813 608 1845; x_wconf 87' lang='lat' dir='ltr'><strong>Julii.</strong></span> <span class='ocrx_word' id='word_1_213' title='bbox 655 1813 791 1846; x_wconf 76' lang='lat' dir='ltr'><strong>Liberati</strong></span> <span class='ocrx_word' id='word_1_214' title='bbox 807 1814 964 1846; x_wconf 81' lang='lat' dir='ltr'><strong>Fratribus</strong></span> <span class='ocrx_word' id='word_1_215' title='bbox 977 1815 1009 1846; x_wconf 89' lang='lat' dir='ltr'><strong>in</strong></span> <span class='ocrx_word' id='word_1_216' title='bbox 1024 1815 1118 1846; x_wconf 90' lang='lat' dir='ltr'><strong>Perth</strong></span> <span class='ocrx_word' id='word_1_217' title='bbox 1133 1815 1228 1856; x_wconf 82' lang='lat' dir='ltr'>xxxvj</span> <span class='ocrx_word' id='word_1_218' title='bbox 1243 1825 1346 1856; x_wconf 77' lang='lat' dir='ltr'><strong>panes·</strong></span> <span class='ocrx_word' id='word_1_219' title='bbox 1385 1815 1488 1857; x_wconf 84' lang='lat' dir='ltr'><strong>Empt’</strong></span> <span class='ocrx_word' id='word_1_220' title='bbox 1500 1827 1520 1846; x_wconf 85' lang='lat' dir='ltr'>x</span> 
     </span>
     <span class='ocr_line' id='line_1_26' title="bbox 106 1879 1521 1923; baseline 0.001 -13"><span class='ocrx_word' id='word_1_221' title='bbox 106 1879 207 1922; x_wconf 83' lang='lat' dir='ltr'><strong>lagine</strong></span> <span class='ocrx_word' id='word_1_222' title='bbox 220 1879 359 1918; x_wconf 81' lang='lat' dir='ltr'><strong>ceruisie,</strong></span> <span class='ocrx_word' id='word_1_223' title='bbox 383 1880 404 1921; x_wconf 90' lang='lat' dir='ltr'><strong>ij</strong></span> <span class='ocrx_word' id='word_1_224' title='bbox 432 1885 540 1921; x_wconf 81' lang='lat' dir='ltr'><strong>quarte</strong></span> <span class='ocrx_word' id='word_1_225' title='bbox 553 1886 650 1911; x_wconf 77' lang='lat' dir='ltr'><strong>mette</strong></span> <span class='ocrx_word' id='word_1_226' title='bbox 664 1880 803 1918; x_wconf 86' lang='lat' dir='ltr'><strong>recentis,</strong></span> <span class='ocrx_word' id='word_1_227' title='bbox 826 1880 859 1912; x_wconf 89' lang='lat' dir='ltr'><strong>lx</strong></span> <span class='ocrx_word' id='word_1_228' title='bbox 884 1891 978 1923; x_wconf 85' lang='lat' dir='ltr'><strong>panes</strong></span> <span class='ocrx_word' id='word_1_229' title='bbox 1000 1881 1121 1912; x_wconf 86' lang='lat' dir='ltr'><strong>venales</strong></span> <span class='ocrx_word' id='word_1_230' title='bbox 1144 1880 1238 1921; x_wconf 82' lang='lat' dir='ltr'>xxxvj</span> <span class='ocrx_word' id='word_1_231' title='bbox 1255 1883 1278 1917; x_wconf 75' lang='grc' dir='ltr'><strong>ἓ,</strong></span> <span class='ocrx_word' id='word_1_232' title='bbox 1302 1880 1419 1911; x_wconf 82' lang='lat' dir='ltr'><strong>liberat’</strong></span> <span class='ocrx_word' id='word_1_233' title='bbox 1434 1881 1521 1912; x_wconf 84' lang='lat' dir='ltr'><strong>dictis</strong></span> 
     </span>
     <span class='ocr_line' id='line_1_27' title="bbox 105 1945 272 1978; baseline 0.006 -3"><span class='ocrx_word' id='word_1_234' title='bbox 105 1945 272 1978; x_wconf 79' lang='lat' dir='ltr'><strong>Fratribus.</strong></span> 
     </span>
     <span class='ocr_line' id='line_1_28' title="bbox 406 2009 1228 2053; baseline 0 -10"><span class='ocrx_word' id='word_1_235' title='bbox 406 2012 533 2043; x_wconf 89' lang='lat' dir='ltr'><strong>Summa</strong></span> <span class='ocrx_word' id='word_1_236' title='bbox 547 2011 650 2043; x_wconf 82' lang='lat' dir='ltr'><strong>totalis</strong></span> <span class='ocrx_word' id='word_1_237' title='bbox 664 2012 776 2043; x_wconf 84' lang='lat' dir='ltr'><strong>mensis</strong></span> <span class='ocrx_word' id='word_1_238' title='bbox 790 2011 867 2043; x_wconf 86' lang='lat' dir='ltr'><strong>Julii</strong></span> <span class='ocrx_word' id='word_1_239' title='bbox 882 2009 914 2052; x_wconf 72' lang='lat' dir='ltr'><strong>ij⁰</strong></span> <span class='ocrx_word' id='word_1_240' title='bbox 928 2012 1013 2053; x_wconf 83' lang='lat' dir='ltr'><strong>xlviij</strong></span> <span class='ocrx_word' id='word_1_241' title='bbox 1030 2012 1052 2042; x_wconf 77' lang='lat' dir='ltr'><strong>fi</strong></span> <span class='ocrx_word' id='word_1_242' title='bbox 1068 2012 1107 2053; x_wconf 85' lang='lat' dir='ltr'><strong>vij</strong></span> <span class='ocrx_word' id='word_1_243' title='bbox 1125 2015 1137 2041; x_wconf 74' lang='grc' dir='ltr'>ἒ</span> <span class='ocrx_word' id='word_1_244' title='bbox 1153 2012 1182 2053; x_wconf 92' lang='lat' dir='ltr'><strong>vj</strong></span> <span class='ocrx_word' id='word_1_245' title='bbox 1199 2014 1228 2043; x_wconf 78' lang='lat' dir='ltr'><strong>d.</strong></span> 
     </span>
     <span class='ocr_line' id='line_1_29' title="bbox 1230 2088 1314 2111; baseline 0 0"><span class='ocrx_word' id='word_1_246' title='bbox 1230 2088 1314 2111; x_wconf 72' lang='lat' dir='ltr'><strong>Tenet.</strong></span> 
     </span>
     <span class='ocr_line' id='line_1_30' title="bbox 149 2141 1657 2184; baseline -0.002 -11"><span class='ocrx_word' id='word_1_247' title='bbox 149 2142 218 2173; x_wconf 74' lang='lat' dir='ltr'><strong>Du:</strong></span> <span class='ocrx_word' id='word_1_248' title='bbox 237 2141 385 2172; x_wconf 68' lang='lat' dir='ltr'><strong>Vnnnms</strong></span> <span class='ocrx_word' id='word_1_249' title='bbox 400 2142 410 2173; x_wconf 91' lang='lat' dir='ltr'><strong>i</strong></span> <span class='ocrx_word' id='word_1_250' title='bbox 428 2143 573 2184; x_wconf 83' lang='lat' dir='ltr'><strong>Augusti.</strong></span> <span class='ocrx_word' id='word_1_251' title='bbox 1554 2149 1657 2177; x_wconf 71' lang='lat' dir='ltr'><strong>stirnng.</strong></span> 
     </span>
     <span class='ocr_line' id='line_1_31' title="bbox 151 2208 1693 2252; baseline -0.001 -14"><span class='ocrx_word' id='word_1_252' title='bbox 151 2208 217 2238; x_wconf 73' lang='lat' dir='ltr'><strong>Dm</strong></span> <span class='ocrx_word' id='word_1_253' title='bbox 237 2208 392 2239; x_wconf 71' lang='lat' dir='ltr'><strong>Vssnmus</strong></span> <span class='ocrx_word' id='word_1_254' title='bbox 406 2208 460 2239; x_wconf 85' lang='lat' dir='ltr'><strong>viii</strong></span> <span class='ocrx_word' id='word_1_255' title='bbox 476 2209 622 2251; x_wconf 81' lang='lat' dir='ltr'><strong>Augusti.</strong></span> <span class='ocrx_word' id='word_1_256' title='bbox 669 2209 771 2241; x_wconf 83' lang='lat' dir='ltr'><strong>Hodie</strong></span> <span class='ocrx_word' id='word_1_257' title='bbox 786 2210 940 2242; x_wconf 87' lang='lat' dir='ltr'><strong>Dominus</strong></span> <span class='ocrx_word' id='word_1_258' title='bbox 958 2210 1028 2241; x_wconf 80' lang='lat' dir='ltr'><strong>Rex</strong></span> <span class='ocrx_word' id='word_1_259' title='bbox 1043 2209 1193 2251; x_wconf 82' lang='lat' dir='ltr'><strong>equitauit</strong></span> <span class='ocrx_word' id='word_1_260' title='bbox 1215 2210 1253 2241; x_wconf 91' lang='lat' dir='ltr'><strong>de</strong></span> <span class='ocrx_word' id='word_1_261' title='bbox 1279 2210 1407 2252; x_wconf 85' lang='lat' dir='ltr'><strong>Stirling</strong></span> <span class='ocrx_word' id='word_1_262' title='bbox 1421 2221 1525 2241; x_wconf 88' lang='lat' dir='ltr'><strong>versus</strong></span> <span class='ocrx_word' id='word_1_263' title='bbox 1555 2214 1693 2238; x_wconf 75' lang='lat' dir='ltr'><strong>Faulkland.</strong></span> 
     </span>
     <span class='ocr_line' id='line_1_32' title="bbox 113 2274 1528 2318; baseline 0.001 -14"><span class='ocrx_word' id='word_1_264' title='bbox 113 2274 293 2312; x_wconf 82' lang='lat' dir='ltr'><strong>Faulkland,</strong></span> <span class='ocrx_word' id='word_1_265' title='bbox 316 2274 432 2306; x_wconf 84' lang='lat' dir='ltr'><strong>familia</strong></span> <span class='ocrx_word' id='word_1_266' title='bbox 445 2281 620 2307; x_wconf 83' lang='lat' dir='ltr'><strong>remanente</strong></span> <span class='ocrx_word' id='word_1_267' title='bbox 634 2275 666 2306; x_wconf 88' lang='lat' dir='ltr'><strong>in</strong></span> <span class='ocrx_word' id='word_1_268' title='bbox 682 2276 821 2318; x_wconf 74' lang='lat' dir='ltr'><strong>Stirling.</strong></span> <span class='ocrx_word' id='word_1_269' title='bbox 871 2275 975 2307; x_wconf 85' lang='lat' dir='ltr'><strong>Intrat’</strong></span> <span class='ocrx_word' id='word_1_270' title='bbox 989 2286 1033 2306; x_wconf 85' lang='lat' dir='ltr'><strong>xx</strong></span> <span class='ocrx_word' id='word_1_271' title='bbox 1048 2275 1146 2307; x_wconf 88' lang='lat' dir='ltr'><strong>celdre</strong></span> <span class='ocrx_word' id='word_1_272' title='bbox 1169 2276 1212 2317; x_wconf 89' lang='lat' dir='ltr'><strong>iiij</strong></span> <span class='ocrx_word' id='word_1_273' title='bbox 1236 2275 1316 2308; x_wconf 83' lang='lat' dir='ltr'><strong>bolle</strong></span> <span class='ocrx_word' id='word_1_274' title='bbox 1338 2275 1421 2307; x_wconf 91' lang='lat' dir='ltr'><strong>ordei</strong></span> <span class='ocrx_word' id='word_1_275' title='bbox 1444 2275 1528 2306; x_wconf 87' lang='lat' dir='ltr'><strong>firme</strong></span> 
     </span>
    </p>
   </div>
   <div class='ocr_carea' id='block_1_7' title="bbox 109 2339 1048 2383">
    <p class='ocr_par' dir='ltr' id='par_1_7' title="bbox 109 2339 1048 2383">
     <span class='ocr_line' id='line_1_33' title="bbox 109 2339 1048 2383; baseline 0.003 -14"><span class='ocrx_word' id='word_1_276' title='bbox 109 2339 146 2369; x_wconf 90' lang='lat' dir='ltr'><strong>de</strong></span> <span class='ocrx_word' id='word_1_277' title='bbox 165 2339 239 2370; x_wconf 88' lang='lat' dir='ltr'><strong>Ros.</strong></span> <span class='ocrx_word' id='word_1_278' title='bbox 287 2339 366 2371; x_wconf 87' lang='lat' dir='ltr'><strong>Item</strong></span> <span class='ocrx_word' id='word_1_279' title='bbox 381 2340 411 2382; x_wconf 86' lang='lat' dir='ltr'><strong>iij</strong></span> <span class='ocrx_word' id='word_1_280' title='bbox 429 2340 527 2372; x_wconf 85' lang='lat' dir='ltr'><strong>celdre</strong></span> <span class='ocrx_word' id='word_1_281' title='bbox 543 2341 584 2382; x_wconf 89' lang='lat' dir='ltr'><strong>vij</strong></span> <span class='ocrx_word' id='word_1_282' title='bbox 601 2341 705 2383; x_wconf 82' lang='lat' dir='ltr'><strong>bollej</strong></span> <span class='ocrx_word' id='word_1_283' title='bbox 722 2341 821 2373; x_wconf 86' lang='lat' dir='ltr'><strong>firlota</strong></span> <span class='ocrx_word' id='word_1_284' title='bbox 835 2341 920 2373; x_wconf 88' lang='lat' dir='ltr'><strong>firme</strong></span> <span class='ocrx_word' id='word_1_285' title='bbox 934 2341 971 2373; x_wconf 92' lang='lat' dir='ltr'><strong>de</strong></span> <span class='ocrx_word' id='word_1_286' title='bbox 989 2341 1048 2373; x_wconf 82' lang='lat' dir='ltr'><strong>Fif.</strong></span> 
     </span>
    </p>
   </div>
  </div>
 </body>
</html>
