1861 2703
168 241 271 275 1520.
665 231 821 267 REGIS
847 230 1035 267 JACOBI
1064 232 1108 266 v.
1517 238 1588 277 2217

172 334 330 368 Roberto
350 330 442 364 Wod
468 328 653 363 brafiatore
683 329 718 363 in
750 328 856 363 Leith
881 329 909 375 j⁶
940 328 1056 375 lagine
1085 328 1230 364 ceruisse
1255 343 1266 363 1
1297 330 1446 377 pricium
1466 343 1512 364 xx
1531 331 1554 365 d
1575 344 1586 364 1

166 411 309 444 Summa
327 422 348 442 x
366 409 390 442 li
411 421 422 441 1
442 413 475 441 et
494 410 618 454 expen'
639 420 683 441 xv
702 407 845 454 laginej
865 413 990 453 quarta
1012 406 1153 442 ceruilie
1174 421 1185 441 1
1205 414 1239 442 et
1258 408 1301 443 {ic
1319 409 1447 444 restant
1466 415 1516 443 ν)ΗΚ
1536 410 1583 456 iiij

165 487 279 533 lagine,
298 486 331 533 iij
351 491 474 532 quarte
494 484 645 519 ceruilie.
699 491 919 527 COQUINA.
958 485 1077 532 Empt’
1107 492 1141 519 vc
1171 486 1207 520 lx
1238 486 1304 534 albj
1336 486 1443 534 pisces
1471 501 1482 521 1
1510 488 1581 534 xiiij

165 565 324 600 mulones
342 564 428 611 aridj
450 577 460 598 1
480 564 541 610 iiijc
560 563 662 598 ostria
693 576 704 597 1
736 562 782 610 iiij
803 563 883 610 lucij
918 576 930 597 1
962 564 998 597 in
1018 564 1121 598 trutis
1139 565 1350 599 torrentium
1373 579 1383 599 1
1404 565 1558 599 fundolis
1572 579 1583 599 1

164 655 313 677 crunans
334 655 344 675 1
363 642 475 689 pomis
495 655 506 675 1
525 642 607 688 piris
628 655 638 675 1
658 641 755 676 caseo
775 654 786 675 1
807 646 840 675 et
859 641 975 675 butiro
1010 654 1017 676 1
1047 642 1132 688 varij
1152 643 1259 689 precij
1289 656 1300 677 1
1329 643 1473 678 Summa
1491 644 1535 690 vij
1559 644 1582 677 li

163 721 220 754 xix
239 720 263 755 d
282 733 293 754 1
313 726 346 754 et
366 721 502 766 expen’.

633 797 776 831 Summa
793 798 850 844 xxj
870 798 895 832 Ῐὶ
913 798 970 845 viij
990 802 1005 832 ἒ
1024 798 1056 845 iij
1077 798 1110 833 d.

214 960 295 989 DIE
320 959 448 989 LUNE
475 965 521 987 xx
548 951 772 999 Septembris,
825 958 1076 988 PANETRIA.
1119 953 1177 988 De
1207 955 1409 1001 preintratis
1429 969 1439 989 1
1459 958 1584 1003 expen'
1601 970 1735 1001 smuenng.

162 1031 233 1078 lxiij
250 1044 356 1078 panes
370 1044 381 1064 1
397 1036 431 1065 et
446 1030 488 1065 fic
502 1029 630 1064 restant
640 1030 714 1077 viij‘
725 1030 808 1064 lxxx
824 1043 930 1077 panes
950 1044 960 1064 1
982 1031 1073 1065 Item
1093 1032 1199 1078 empt'
1215 1032 1249 1066 in
1263 1032 1455 1079 Linlithqw
1476 1034 1584 1069 lxxxx

164 1188 197 1234 iij
218 1188 333 1234 lagine
357 1185 497 1222 ceruifie
518 1200 528 1220 1
549 1192 583 1221 et
612 1185 655 1220 fic
685 1186 948 1234 superexpofiiit
966 1192 1174 1234 computans
1205 1187 1263 1234 xiij
1296 1188 1412 1235 lagine
1443 1190 1584 1226 ceruifie

163 1265 345 1301 allocande
365 1266 400 1299 in
419 1266 511 1300 dieta
541 1264 706 1311 sequente
735 1278 745 1299 1
775 1265 865 1299 Item
891 1268 996 1312 empt’
1016 1265 1108 1312 apud
1128 1265 1270 1312 Lithqw
1289 1267 1359 1314 xxij
1379 1267 1495 1315 lagine
1513 1282 1586 1304 cer-

163 1344 244 1379 uifie
263 1344 345 1391 xxxj
367 1347 382 1377 3
399 1343 445 1390 iiij
465 1343 489 1378 d
509 1356 520 1377 1
539 1348 573 1377 et
592 1343 728 1390 expen’.
781 1349 1002 1385 COQUINA.
1040 1343 1158 1390 Empt'
1184 1345 1212 1390 jc
1242 1345 1337 1392 xxiiij
1363 1345 1429 1393 albj
1450 1346 1556 1394 pisces
1573 1361 1584 1382 1

165 1422 199 1468 ijc
218 1422 320 1456 ostria
339 1435 350 1455 1
369 1421 427 1468 xiij
462 1421 624 1456 mulones
651 1421 737 1468 aridj
772 1434 783 1455 1
812 1422 848 1455 in
879 1421 1061 1468 merlingis
1093 1435 1104 1455 1
1133 1422 1288 1457 fundolis
1320 1437 1330 1457 1
1360 1425 1582 1471 peffinibusJ

168 1499 331 1534 musculis
345 1512 355 1533 1
369 1498 550 1546 sperlingis
566 1512 577 1533 1
592 1499 703 1544 buke3
720 1512 731 1533 1
747 1499 844 1534 caseo
865 1512 876 1533 1
896 1500 972 1534 ouis
988 1513 999 1534 1
1015 1505 1050 1534 et
1067 1500 1185 1535 butiro
1201 1514 1212 1535 1
1227 1502 1310 1549 varij
1327 1503 1433 1550 precij
1455 1516 1465 1537 1
1486 1504 1585 1538 Sum-

164 1591 220 1613 ma
239 1578 286 1624 iiij
305 1578 330 1612 fi
349 1577 420 1624 xiiij
441 1583 456 1612 ἔ
472 1577 518 1624 vij
539 1578 563 1612 d
582 1591 593 1611 1
613 1583 646 1612 et
666 1578 790 1625 expen’
818 1590 830 1611 1
859 1577 951 1612 Item
980 1578 1160 1613 intrantur
1186 1579 1207 1626 ij
1240 1585 1339 1626 petre
1358 1580 1390 1627 xj
1411 1580 1498 1616 libre
1517 1582 1584 1617 res-

165 1662 279 1691 tantes
297 1656 390 1703 apud
417 1656 610 1702 Striueling
629 1669 640 1690 1
661 1661 696 1690 et
714 1655 865 1703 expen'j
886 1661 986 1703 petra
1014 1670 1025 1690 1
1055 1656 1146 1691 Item
1165 1661 1271 1705 empt'
1291 1659 1313 1706 ij
1333 1664 1432 1706 petre
1450 1660 1471 1707 ij
1492 1660 1579 1696 libre

165 1735 268 1782 butirj
288 1735 371 1769 xxix
390 1739 405 1769 ἓ
424 1748 434 1769 1
455 1740 489 1769 et
506 1733 550 1769 fic
567 1734 695 1769 restant
712 1734 747 1781 iij
767 1739 866 1780 petre
884 1734 943 1781 xiij
963 1734 1050 1769 libre
1068 1735 1187 1783 butirj.

652 1812 796 1846 Summa
812 1812 870 1859 viij
889 1812 914 1846 ii
933 1825 956 1846 x
973 1816 988 1847 ἒ
1006 1812 1039 1859 iij
1059 1813 1093 1847 d.

213 1974 295 2004 DIE
320 1973 497 2003 MARTIS
524 1968 558 2001 vi
585 1966 764 2002 Offiobris.
834 1973 1088 2004 PANETRIA.
1146 1969 1204 2004 De
1230 1971 1431 2018 preintratis
1476 1987 1487 2007 1
1526 1987 1583 2008 ex-

163 2046 284 2093 pen’je
302 2045 362 2079 lxv
380 2057 487 2092 panes
508 2057 519 2078 1
539 2050 572 2079 et
591 2043 634 2079 fic
652 2044 780 2079 restant
791 2044 842 2092 js0
867 2045 896 2091 jc
919 2045 1075 2093 lxxxxvij
1110 2060 1218 2094 panes
1246 2062 1256 2082 1
1286 2049 1376 2084 Item
1410 2055 1517 2098 empt’
1546 2052 1582 2086 in

165 2123 357 2169 Linlithqw
374 2123 420 2170 xij
449 2135 557 2170 panes
583 2122 698 2169 magnj
719 2122 766 2169 iiij
786 2127 801 2156 ἔ
819 2122 851 2169 vj
871 2122 895 2156 d
915 2135 927 2156 1
949 2128 983 2157 et
1002 2127 1137 2171 expen’.
1190 2131 1405 2168 COQUINA.
1444 2128 1581 2176 Expen’
1599 2138 1734 2169 Linlithqw.

163 2201 232 2248 xlvj
254 2201 369 2247 lagine
388 2201 409 2247 ij
429 2206 552 2247 quarte
579 2199 721 2235 ceruifie
742 2213 753 2234 1
772 2205 807 2235 et
825 2199 868 2235 fic
886 2200 1014 2236 restant
1032 2202 1068 2249 ijc
1086 2202 1159 2237 xlix
1178 2203 1294 2250 lagine
1311 2205 1346 2253 iij
1366 2213 1489 2252 quarte
1508 2221 1580 2242 cer-

834 2281 857 2313 9
875 2290 896 2313 E
