1861 2703
300 233 366 265 123
720 237 726 242 —
755 223 914 258 LIBER
941 223 1219 259 DOMICILII
1612 229 1716 262 1528.

348 332 430 362 DIE
455 327 694 360 MERCURII
722 321 805 355 xviii
838 320 1062 356 Nouembris.
1126 327 1375 357 PANETRIA.
1428 320 1485 355 De
1517 322 1719 368 preintratis

301 405 406 450 empt'
418 403 446 449 jc
463 413 570 448 panes
587 398 728 433 venales
745 412 793 432 xx
810 403 825 433 ἕ
844 412 855 433 s
875 399 918 433 de
936 399 1060 445 quibus
1079 400 1202 446 expen'
1221 399 1294 432 lxix
1313 411 1419 446 panes
1440 413 1451 433 s
1471 405 1506 434 et
1523 399 1566 434 fic
1590 400 1719 436 restant

302 482 323 527 lj
343 493 460 528 panes.
513 483 793 515 BUTELARIA.
835 476 892 511 De
911 481 962 511 vxx
980 477 1001 523 ij
1021 477 1145 523 laginis
1162 477 1183 523 iJ'
1204 477 1335 522 quartis
1355 476 1495 512 ceruifie
1514 477 1719 513 restantibus

139 573 151 587 ε
166 580 214 594 rue
235 580 248 593 n
301 559 393 606 apud
413 557 605 602 Striueling
622 556 692 602 xvij
711 554 879 590 Cetobris
899 555 1022 601 expen’
1041 555 1111 601 xvij
1131 555 1273 602 laginej
1294 561 1417 601 quarta
1434 556 1574 591 ceruilie
1595 571 1605 591 t
1627 557 1719 592 Item

144 1275 290 1304 Edinburgh.

302 638 407 684 empt’
425 637 511 670 lxxx
530 635 646 681 lagine
665 632 806 668 ceruifie
825 645 846 667 v
863 633 889 667 fi
906 632 938 679 vj
959 637 974 667 ἔ
991 633 1049 679 viij
1069 633 1092 667 d
1112 646 1123 667 l
1143 638 1177 667 et
1206 632 1250 667 fic
1280 633 1408 668 restant
1432 634 1460 681 jc
1489 635 1548 669 xlv
1576 635 1718 684 laginej

301 721 424 762 quarta
441 712 593 749 ceruifie.
646 718 861 755 COQUINA.
903 711 1021 758 Empt'
1051 710 1084 757 xj
1118 723 1268 758 capones
1299 725 1309 745 Ι
1337 722 1361 745 x
1391 711 1686 759 pulligallinarum
1708 729 1720 748 s

303 795 348 840 iiij
368 794 484 840 pultre
506 805 514 827 ι
534 793 616 839 xviij
637 791 799 838 pluuiarij
822 804 833 824 s
853 790 914 836 iiijc
941 789 1050 824 alleca
1069 790 1108 835 Jj
1137 789 1241 823 salmo
1271 802 1392 825 recens
1421 804 1432 824 s
1462 791 1497 824 in
1528 791 1635 826 ordeo
1657 806 1667 826 t
1687 798 1721 827 et

305 873 394 919 cepis
413 885 424 906 s
444 871 527 917 varij
548 871 654 917 precij
686 882 693 904 l
724 869 867 904 Summa
885 868 932 902 lix
953 873 968 902 ἓ
986 868 1044 915 viij
1064 868 1088 902 d
1107 881 1117 901 s
1138 872 1172 902 et
1190 869 1325 914 expen'.

793 947 937 981 Summa
954 946 989 979 ix
1006 947 1031 980 ii
1050 946 1082 992 vj
1102 950 1117 979 ἔ
1135 946 1180 993 iiij
1200 946 1233 980 d.

354 1112 435 1141 DIE
464 1110 697 1140 DOMINICO
728 1103 924 1150 penultimo
956 1102 1179 1137 Nouembris.
1232 1109 1484 1139 PANETRIA.
1523 1105 1581 1139 De
1611 1108 1725 1153 prein-

307 1185 403 1218 tratis
423 1196 433 1216 s
454 1184 580 1229 expen'
600 1182 658 1229 xiij
679 1193 786 1228 panes
806 1195 817 1215 l
838 1186 872 1216 et
890 1180 933 1215 fic
951 1193 1038 1227 eque
1068 1194 1079 1215 t
1108 1181 1198 1215 Item
1231 1181 1273 1216 de
1292 1182 1492 1228 preintratis
1523 1185 1647 1231 expen'
1665 1185 1725 1219 lxv

306 1274 412 1308 panes
430 1260 594 1294 restantes
612 1260 699 1306 xvij⁰
720 1259 937 1293 Nouembris
965 1273 976 1293 l
1005 1265 1039 1293 et
1067 1258 1110 1293 fic
1138 1259 1266 1294 restant
1296 1260 1332 1293 in
1365 1259 1572 1308 Edinbnrgh
1603 1262 1673 1309 iijffl
1690 1264 1725 1310 ij=

307 1339 463 1385 lxxxxiiij
484 1351 600 1385 panes.
652 1344 937 1374 BL'TELARIA.
976 1337 1034 1372 De
1053 1340 1080 1385 J'c
1097 1337 1155 1385 xvj
1176 1338 1298 1384 laginis
1322 1338 1337 1385 j
1357 1344 1480 1384 quarta
1498 1339 1637 1375 eeruifie
1669 1354 1726 1375 ex-

308 1419 386 1464 pen’
404 1418 464 1451 xix
484 1417 598 1463 lagine
618 1416 639 1463 ij
660 1422 782 1462 quarte
801 1414 941 1450 ceruifie
970 1429 981 1449 s
1011 1415 1101 1450 Item
1121 1416 1227 1462 empt’
1255 1415 1292 1450 lx
1322 1416 1438 1462 lagine
1457 1417 1597 1453 ceruifie
1615 1419 1647 1466 vj
1668 1420 1693 1453 ii
1714 1433 1724 1453 s

309 1503 343 1529 et
361 1494 404 1529 fic
422 1495 548 1528 restant
559 1494 588 1541 jc
607 1494 651 1540 lvj
673 1494 787 1540 lagine
806 1495 841 1541 iij
861 1499 982 1540 quarte
1012 1494 1163 1528 ceruifie.
1216 1501 1435 1537 COQUINA.
1475 1495 1593 1543 Empt'
1611 1510 1633 1530 x
1653 1510 1726 1532 mu-

309 1582 409 1607 tones
427 1573 474 1619 liij
495 1578 509 1607 Ξ
528 1573 574 1619 iiij
594 1573 618 1607 d
638 1586 648 1605 Ι
667 1573 690 1618 ij
710 1572 830 1618 lingue
856 1572 985 1606 bonine
1012 1572 1058 1618 xij
1078 1572 1102 1606 d
1135 1585 1146 1605 Ι
1178 1577 1213 1606 et
1241 1574 1365 1619 expeu'
1393 1586 1404 1606 t
1434 1573 1524 1607 Item
1554 1576 1660 1621 empt’
1678 1575 1723 1621 xij

309 1651 606 1697 pulligallinarum
627 1663 637 1683 s
658 1650 715 1696 viij
732 1650 848 1696 pultre
869 1663 878 1683 s
901 1650 1009 1696 xxxiij
1031 1662 1181 1696 capones
1201 1652 1240 1696 JJ'
1261 1663 1346 1697 capo
1358 1650 1471 1697 pastus
1491 1665 1501 1685 l
1521 1651 1542 1698 ij
1562 1665 1647 1686 auce
1666 1653 1726 1687 do-

308 1728 444 1762 mestice
465 1742 474 1761 s
496 1728 541 1774 iiij
562 1727 723 1774 pluuiarij
746 1740 756 1761 s
776 1727 808 1773 vj
829 1727 912 1773 galli
943 1726 1110 1761 filuestres
1130 1741 1141 1761 s
1160 1728 1193 1774 xj
1210 1728 1334 1762 alaude
1355 1741 1365 1762 t
1384 1729 1419 1775 iij
1439 1735 1559 1763 anates
1579 1743 1589 1763 s
1609 1730 1629 1777 ij
1651 1743 1726 1776 per-

312 1807 404 1839 dices
424 1819 434 1839 s
455 1806 488 1839 in
509 1805 617 1839 ordeo
638 1819 648 1839 s
669 1805 754 1851 varij
774 1805 880 1852 precij
903 1818 915 1839 l
937 1805 1080 1840 Summa
1098 1806 1145 1853 iiij
1164 1806 1189 1840 ii
1209 1819 1228 1841 x
1250 1811 1265 1841 'sv
1282 1807 1317 1840 ix
1335 1807 1359 1842 d
1378 1820 1388 1840 l
1409 1812 1443 1841 et
1461 1809 1595 1854 expen‘.

810 1882 953 1917 Summa
971 1883 1029 1930 xiij
1049 1883 1073 1918 ii
1092 1897 1112 1917 v
1131 1883 1172 1930 §j
1192 1884 1226 1918 d.

361 2046 442 2075 DIE
469 2046 635 2075 SABOTI
666 2040 789 2085 quinto
826 2039 1043 2074 Decembris.
1109 2046 1357 2076 PANETRIA.
1409 2041 1466 2076 De
1501 2043 1700 2089 preintratis
1715 2060 1724 2076 l

313 2118 436 2163 expen'
456 2122 504 2150 vm
524 2117 582 2163 xiij
602 2129 709 2163 panes
727 2117 761 2150 in
782 2117 959 2151 dominico
978 2123 1013 2152 et
1030 2117 1181 2152 secundo
1211 2130 1221 2150 s
1250 2123 1284 2151 et
1311 2116 1354 2152 fic
1384 2118 1512 2153 restant
1535 2118 1594 2165 ijso
1612 2121 1658 2166 vjc
1675 2119 1724 2166 lxj

312 2206 417 2240 panes
436 2194 527 2240 apud
548 2193 767 2240 Edinburgh.
821 2200 1105 2230 BUTELARIA.
1144 2193 1280 2240 Expen’
1310 2195 1416 2242 xxviij
1444 2195 1586 2242 laginej
1606 2200 1728 2242 quarta

313 2270 453 2305 ceruifio
475 2284 484 2303 s
505 2277 538 2304 et
557 2269 600 2305 sic
619 2271 711 2317 apud
732 2271 988 2319 Edinburgl1j⁰
1018 2285 1087 2307 xxv
1117 2272 1231 2318 lagine
1256 2272 1270 2319 j
1301 2279 1424 2318 quarta
1454 2272 1604 2308 ceruifie.
1656 2279 1728 2309 CO·
