1861 2703
158 249 266 286 1529.
643 245 799 281 REGIS
824 245 1012 282 JACOBI
1041 246 1086 281 V.
1508 252 1576 289 14⁴7

202 348 367 380 EODEM
394 348 488 378 DIE.
542 341 719 377 Dominus
752 342 833 377 Rex
868 355 879 377 s
911 343 1010 378 finito
1041 344 1188 390 prandio
1218 357 1229 378 l
1259 344 1428 391 equitauit
1457 344 1574 378 versus

161 420 395 466 Hadingtoun
423 431 435 453 l
463 418 582 466 Empt’
600 419 648 466 iij⁰
665 419 770 466 xxxvj
790 432 898 466 panes
915 421 1055 455 venales
1074 422 1107 468 iij
1127 422 1152 456 fi
1170 434 1191 456 v
1209 426 1225 456 Ξ
1256 435 1266 455 s
1299 422 1341 456 de
1368 421 1491 468 quibus
1519 434 1576 456 ex-
1591 429 1753 460 nmiangmun.

157 497 237 544 pen’
255 496 290 531 in
309 509 395 531 cena
412 502 463 532 vxx
481 496 537 543 xvj
558 509 664 543 panes
695 510 707 531 t
739 502 774 531 ct
802 495 846 531 sic
864 497 991 532 restant
1009 498 1044 545 ij⁸
1061 498 1097 532 xl
1115 512 1232 545 panes.
1286 505 1573 535 BUTELARIA.

160 573 277 621 Empt’
295 574 425 621 xxxviij
456 574 573 621 lagine
598 576 613 621 j
642 579 766 621 quarta
795 574 936 610 ccruifie
955 576 989 623 iij
1008 579 1032 611 ii
1052 577 1084 623 iiJ'
1105 581 1120 611 ἒ
1137 577 1194 624 viij
1214 577 1238 612 d
1269 590 1280 611 s
1312 583 1346 612 et
1374 579 1497 625 cxpen'
1516 577 1575 612 issa

156 652 263 687 noGte
298 658 332 687 et
367 652 422 687 die
456 651 620 699 sequente
650 653 687 687 in
716 653 864 700 prandio
895 654 988 701 apud
1018 653 1271 689 Northbcrwik
1301 668 1312 689 s
1342 661 1376 690 ct
1405 654 1447 690 fic
1476 668 1574 702 eque.
1594 668 1755 692 Northbcmm.

158 738 371 775 COQUINA.
412 731 529 779 Empt’
548 731 581 778 iij
602 731 761 766 mulones
779 736 938 766 recentes
965 745 978 766 l
1006 732 1052 779 xij
1081 732 1243 766 muloncs
1261 733 1347 779 aridj
1370 746 1380 767 l
1400 734 1435 780 ijc
1453 733 1489 767 lx
1508 733 1574 779 albj

157 809 264 857 pisces
283 823 295 845 l
314 810 360 857 xij
380 809 499 857 polupj
521 809 561 856 sj
582 810 754 856 rigadium
785 822 796 844 l
827 809 859 856 vj
879 809 960 856 lucij
995 822 1006 843 s
1035 810 1072 843 in
1089 809 1243 843 fundulis
1274 823 1285 844 l
1315 810 1390 844 ouis
1410 823 1421 844 s
1439 811 1575 857 pomist

157 888 274 935 butiro
294 902 305 923 l
325 893 360 923 ct
387 889 537 934 cariagio
568 887 711 935 piscium
740 888 831 922 inter
865 886 1101 932 Hadingtoun
1130 893 1165 921 ct
1195 886 1439 922 Northberuik
1460 901 1471 921 l
1491 888 1575 933 varij

157 967 264 1014 precij
293 979 304 1001 ι
333 967 476 1001 Summa
494 966 541 1013 iiij
560 966 585 1000 ii
603 967 636 1013 vj
656 970 671 1000 ἔ
689 966 736 1012 iiij
756 965 780 1000 d
800 977 808 1000 Ι
830 970 864 999 et
882 965 1017 1011 cxpen’.

650 1043 794 1079 Summa
812 1043 858 1090 xij
878 1043 902 1078 ii
922 1043 954 1090 xj
975 1047 989 1077 Ξ
1009 1043 1028 1090 ij
1048 1043 1082 1077 d.

208 1207 292 1237 DIE
318 1206 485 1236 SABOTI
505 1200 615 1234 tercio
636 1199 780 1247 Aprilis.
834 1206 1084 1236 PANETRIA.
1112 1199 1170 1234 De
1184 1200 1385 1248 preintratis
1398 1213 1409 1235 l
1423 1200 1581 1248 cxpen'jC

161 1279 241 1326 xviij
258 1291 365 1326 panes
380 1292 391 1313 s
409 1278 499 1312 Item
515 1278 637 1312 relffike
652 1278 688 1312 in
702 1278 810 1312 castro
826 1278 868 1312 de
883 1278 1157 1325 Temptalloune
1168 1280 1195 1325 J'c
1206 1278 1276 1325 xxij
1290 1291 1396 1325 panes
1412 1291 1423 1312 s
1439 1278 1581 1313 Summa
1598 1289 1782 1318 Tcmpmllnmm.

161 1357 196 1403 ijc
214 1356 249 1390 xl
267 1368 373 1404 panes
393 1369 404 1390 t
424 1361 457 1390 et
475 1355 518 1390 fic
533 1368 620 1402 eque
641 1369 653 1390 l
674 1355 764 1391 Item
781 1356 823 1390 de
837 1357 1038 1403 preintratis
1053 1369 1065 1391 s
1081 1356 1242 1403 cxpen’jc
1257 1358 1314 1403 xvj
1330 1368 1436 1403 panes
1447 1356 1481 1390 in
1496 1369 1581 1391 cena

161 1433 581 1482 apudEdinburghsetfie
594 1432 721 1468 restant
736 1433 839 1480 iijffljc
852 1433 987 1481 lxxxvij
1001 1447 1119 1481 paneS.
1145 1440 1423 1470 BUTELARIA.
1444 1434 1580 1481 Expen'
1597 1448 1745 1477 Edinburgh.

161 1512 282 1558 xxxiiij
298 1511 436 1558 laginej
452 1516 576 1557 quarta
592 1510 733 1546 ceruifie
754 1524 765 1545 l
785 1510 877 1546 Item
892 1510 988 1546 miffe
1001 1510 1120 1546 versus
1135 1511 1389 1559 Temptalloun
1404 1518 1437 1547 et
1451 1512 1582 1547 North-

161 1590 286 1625 bernik
298 1590 379 1637 xviij
393 1567 508 1636 lagine
521 1588 662 1624 ceruifie
677 1602 689 1624 s
705 1594 740 1624 et
750 1588 793 1624 fic
804 1589 933 1624 restant
944 1590 1004 1636 iiijc
1018 1590 1103 1637 xliiij
1117 1590 1233 1637 lagine
1245 1591 1279 1637 iij
1295 1596 1417 1637 quarte
1430 1591 1582 1625 ceruifie.

165 1675 378 1712 COQUINA.
408 1668 526 1715 Empt’
538 1667 607 1715 xvij
623 1667 785 1702 mulones
797 1673 956 1702 recentes
971 1680 983 1702 l
998 1668 1047 1716 iijc
1061 1674 1113 1702 vxx
1127 1668 1159 1715 vj
1176 1668 1243 1715 albj
1259 1669 1365 1716 pisces
1384 1681 1396 1703 l
1409 1668 1438 1716 j‘
1457 1668 1555 1702 ostria
1570 1682 1580 1702 s

163 1748 245 1794 xviij
258 1747 378 1795 polupj
398 1759 409 1781 s
424 1745 470 1793 xij
490 1745 651 1780 mulones
669 1744 755 1791 aridj
776 1745 816 1792 lj
837 1745 932 1793 leing
950 1759 961 1780 s
981 1747 1003 1794 ij
1023 1747 1118 1781 ronis
1139 1749 1178 1794 lj
1199 1747 1302 1782 turbo
1331 1761 1341 1781 s
1365 1747 1385 1794 ij
1414 1747 1582 1781 salmones

165 1831 322 1861 recentes
342 1827 381 1872 sj
401 1824 507 1871 padill
528 1836 539 1859 Ι
559 1823 580 1870 ij
600 1823 678 1857 solis
697 1836 708 1857 l
727 1823 784 1870 viij
804 1823 886 1871 lucij
917 1837 928 1858 s
960 1824 996 1858 in
1014 1825 1167 1859 sundolis
1187 1830 1221 1860 et
1239 1826 1350 1872 pomis
1379 1839 1390 1860 l
1421 1825 1466 1872 vij
1494 1825 1581 1859 libre

166 1910 180 1950 [
281 1906 296 1946 ]
322 1902 369 1950 iiij
393 1907 407 1938 Ξ
425 1902 459 1936 ix
477 1902 500 1937 d
514 1914 525 1936 s
541 1906 575 1936 et
590 1901 714 1949 expcn’
735 1914 745 1935 t
767 1900 858 1936 Item
874 1903 998 1949 expen'
1010 1903 1045 1950 ij‘
1059 1909 1108 1937 vxx
1123 1903 1193 1950 xiiij
1208 1903 1316 1937 alleca
1330 1902 1411 1938 salsa
1431 1916 1438 1938 l
1454 1903 1468 1950 j
1485 1910 1583 1950 petra

167 1983 188 2029 ij
208 1981 295 2016 libre
313 1980 418 2026 butirj
442 1993 452 2014 s
471 1979 567 2026 xlviij
588 1992 656 2014 oua
678 1992 688 2013 s
709 1984 743 2014 et
761 1977 803 2014 fic
822 1979 950 2015 reflant
979 1981 1036 2028 ijsO
1054 1986 1087 2016 v⁰
1105 1981 1187 2028 xlvij
1220 1981 1329 2016 alleca
1358 1980 1442 2016 salsa
1470 1996 1481 2016 l
1512 1982 1581 2027 xxij

167 2065 265 2107 petre
284 2059 319 2093 ix
336 2058 424 2093 libre
442 2057 548 2104 butirj
578 2070 589 2091 s
618 2057 710 2091 Item
730 2057 854 2104 expen’
872 2058 929 2105 xvj
950 2058 1111 2093 mulones
1129 2059 1214 2106 aridj
1237 2072 1248 2092 s
1267 2064 1301 2093 et
1319 2057 1362 2093 fic
1380 2058 1518 2093 restant.

648 2136 791 2171 Summa
807 2135 853 2183 vij
873 2136 898 2170 fi
916 2136 962 2183 iiij
983 2141 997 2172 Ξ
1014 2136 1049 2170 ix
1066 2137 1100 2171 d.

217 2299 301 2331 DIE
326 2299 562 2330 MERCITRII
583 2293 628 2341 vij
650 2292 794 2341 Aprilis.
846 2297 1093 2329 PANETRIA.
1134 2292 1192 2327 De
1210 2292 1410 2340 preintratis
1430 2306 1440 2327 t
1460 2294 1581 2339 expen'
