1861 2703
97 386 204 404 VIGILIA

96 465 195 482 DOMINI
214 464 310 481 NosTRI

155 694 299 721 Ewliuburgh.

338 281 381 311 18
792 276 950 311 LIBER
978 275 1256 312 DOMICILII
1645 281 1750 313 1525.

389 379 468 409 DIE
485 378 720 409 DOMINICO
732 372 829 407 xxiiii
842 372 1058 407 Decembris.
1106 379 1354 409 PANETRIA.
1382 372 1441 407 De
1454 373 1656 420 preintratis
1669 386 1680 407 t
1696 385 1753 408 ex-

315 475 320 480 ·
339 452 417 499 pen’
428 451 463 485 in
471 450 617 498 prandio
629 450 720 497 apud
728 450 909 484 Daulketh
916 452 997 497 xxxj
1006 462 1112 497 panes
1125 463 1136 484 l
1149 455 1184 484 et
1195 448 1237 484 fic
1249 449 1377 484 restant
1388 449 1511 496 iij‘s‘vjc
1519 455 1570 484 vxx
1576 449 1623 496 iiij
1633 461 1752 496 paneg]

343 529 430 563 Item
447 529 563 563 intrat'
576 540 638 575 per
653 527 850 562 Walterum
863 527 945 562 Scot
959 527 1119 574 pistorem
1132 528 1168 575 iij
1184 527 1301 562 celdre
1311 527 1477 573 frumentj
1490 527 1589 561 firme
1605 527 1648 561 de
1663 526 1732 560 Fiff
1742 540 1753 559 l

341 608 382 641 de
401 606 523 652 quibus
540 610 781 652 prouenerunt
798 605 835 638 in
852 604 999 651 panibus
1018 618 1029 638 l
1049 605 1190 651 dempta
1207 604 1363 639 multura
1381 617 1392 638 l
1412 604 1455 639 de
1469 603 1620 639 secundo
1640 609 1674 638 et
1693 604 1755 637 do-

340 685 466 718 minico
480 684 549 730 iijffl
565 684 634 730 viijc
647 683 759 717 lxxxx
774 695 879 729 panes
892 695 903 716 l
916 682 959 717 de
973 682 1097 728 quibus
1109 683 1232 729 expen'
1244 682 1280 715 in
1295 694 1380 716 cena
1394 682 1486 729 apud
1499 681 1708 729 Edinburgh
1720 684 1756 718 in

341 762 471 808 vigilia
488 760 623 796 Natalis
642 760 787 807 Dominj
807 760 911 807 nostrj
931 761 965 807 ijc
982 766 1034 794 vxx
1051 772 1075 794 v
1093 772 1199 806 panes
1219 772 1230 793 1
1249 764 1284 794 et
1300 758 1344 793 fic
1361 759 1489 794 restant
1516 760 1553 793 in
1579 765 1656 794 toto
1674 761 1758 808 vij‘s)

339 842 374 886 ijt
388 840 508 874 lxxxix
522 851 627 886 panes
641 839 677 872 in
689 837 885 885 prouilione
900 838 1104 872 Natiuitatis
1117 837 1264 884 Dominj
1279 836 1397 884 nostrj.
1441 844 1757 874 BUTELLARIA.

342 918 478 963 Expen’
490 917 532 951 de
547 914 688 950 ceruifia
702 917 891 962 preintrata
904 929 915 949 l
930 917 1053 962 expen'
1067 917 1151 962 xxxj
1167 915 1282 962 lagine
1296 916 1331 962 iij
1347 921 1469 961 quarte
1484 915 1624 950 ceruifie
1640 930 1651 950 s
1668 922 1702 951 et
1715 915 1758 950 fic

343 1008 430 1040 eque
450 1008 460 1028 l
482 994 572 1028 Item
591 993 633 1027 de
647 999 680 1028 v⁰
691 1006 738 1027 xx
756 993 879 1039 laginis
890 992 1031 1027 ceruifie
1044 992 1247 1027 restantibus
1264 993 1459 1040 penultimo
1478 993 1691 1028 Nouembris
1708 994 1760 1026 in-

343 1077 481 1106 trantur
495 1071 555 1105 isto
568 1071 623 1105 die
639 1083 650 1105 l
666 1071 708 1105 de
723 1071 847 1117 quibus
862 1072 985 1117 expen'
999 1071 1035 1104 in
1049 1083 1135 1105 cena
1148 1071 1240 1117 apud
1256 1071 1466 1116 Edinburgh
1480 1071 1602 1118 lxxxvj
1616 1071 1730 1117 lagine
1744 1073 1757 1117 j

345 1156 466 1195 quarta
480 1148 618 1183 ceruifie
633 1162 644 1182 Ι
658 1148 749 1183 Item
762 1150 884 1195 expen’
898 1149 934 1182 in
945 1149 1112 1195 gelaturis
1128 1161 1210 1194 erga
1224 1148 1457 1196 prouifionem
1470 1148 1674 1183 Natiuitatis
1686 1148 1760 1182 Do-

345 1228 429 1272 minj
448 1226 551 1272 nostrj
571 1226 607 1260 lx
625 1226 740 1272 lagine
759 1224 899 1260 ceruifie
916 1239 926 1259 l
942 1226 1084 1260 Summa
1095 1226 1322 1273 expensarum
1330 1227 1358 1273 jc
1377 1229 1458 1273 xxvj
1478 1226 1592 1273 lagine
1608 1229 1622 1274 J'
1639 1234 1762 1273 quarta

346 1303 485 1339 ceruifie
505 1317 516 1337 l
536 1309 570 1337 et
587 1303 630 1337 fic
647 1303 774 1337 restant
792 1304 840 1350 iijc
858 1309 908 1337 vxx
926 1304 985 1349 xiij
1005 1304 1120 1349 lagine
1138 1304 1172 1350 iij
1193 1309 1316 1349 quarte
1335 1302 1476 1338 ceruifie
1496 1317 1508 1338 l
1529 1304 1620 1339 Item
1644 1306 1762 1338 intrat’

345 1395 406 1428 per
426 1381 664 1427 Margaretam
682 1380 887 1415 Johnesoun
905 1381 1064 1414 relictam
1087 1381 1262 1426 quondam
1285 1381 1431 1415 Andree
1457 1380 1705 1416 Hammiltoun
1725 1384 1760 1429 iij

346 1459 460 1493 celdre
478 1460 511 1505 vj
531 1457 623 1492 bolle
642 1458 738 1504 ordeJ'
757 1458 857 1492 firme
869 1458 912 1492 de
925 1458 994 1492 Fiff
1010 1471 1020 1491 Ι
1041 1458 1083 1492 de
1101 1458 1225 1504 quibus
1242 1464 1486 1505 prouenerunt
1500 1459 1536 1493 in
1548 1458 1689 1494 ceruifia
1702 1460 1762 1506 iiijc

348 1536 460 1581 lagine
479 1533 618 1570 ceruifie
639 1549 650 1569 l
670 1540 704 1569 et
721 1533 764 1569 fic
782 1535 909 1569 restant
927 1536 962 1569 in
983 1541 1059 1569 toto
1072 1536 1133 1583 viJ'c
1151 1542 1203 1570 vxx
1221 1536 1280 1582 xiij
1300 1536 1416 1582 lagine
1432 1537 1468 1584 iij
1487 1542 1610 1583 quarte
1622 1536 1762 1572 ceruifie

348 1614 383 1646 in
402 1613 542 1649 cellario
562 1613 681 1659 Regis.
734 1619 947 1655 COQUINA.
977 1613 1033 1647 De
1064 1614 1265 1660 preintratis
1283 1627 1296 1648 l
1315 1615 1439 1661 expen'
1465 1615 1558 1661 apud
1580 1614 1761 1649 Daulketh

348 1694 384 1725 in
402 1691 548 1738 prandio
566 1691 613 1738 iiij
633 1696 795 1725 mutones
814 1704 825 1725 l
845 1696 880 1725 et
910 1689 953 1725 fic
983 1690 1110 1725 restant
1137 1692 1183 1738 vij
1216 1697 1379 1726 mutones
1406 1704 1418 1726 l
1446 1691 1538 1726 Item
1557 1694 1662 1739 empt’
1681 1705 1764 1738 erga

348 1768 578 1816 prouifionem
595 1769 730 1803 Natalis
746 1769 833 1803 lxxx
851 1774 1014 1804 mutones
1032 1769 1126 1816 price
1145 1769 1284 1815 equales
1304 1782 1315 1803 Ι
1333 1770 1428 1816 price
1445 1771 1503 1816 xxj
1518 1770 1543 1805 fi
1561 1772 1594 1816 vj
1608 1775 1623 1805 ’ἑ
1640 1771 1698 1817 viij
1713 1772 1735 1805 d
1753 1785 1762 1804 s

350 1849 392 1881 de
412 1847 535 1892 quibus
552 1848 675 1893 expen’
695 1847 731 1880 in
750 1859 836 1881 cena
854 1846 947 1893 apud
966 1845 1178 1892 Edinburgh
1205 1847 1240 1880 in
1270 1846 1446 1881 domicilio
1463 1847 1583 1895 xxxiiij
1602 1853 1764 1882 mutones

348 1926 382 1970 iij
402 1930 522 1970 quarte
551 1938 561 1958 l
591 1924 681 1958 Item
710 1925 834 1971 expen'
864 1924 900 1958 in
928 1923 1081 1958 liberatis
1108 1924 1152 1958 ad
1179 1929 1277 1958 extra
1306 1926 1340 1971 vj
1372 1930 1534 1960 mutones
1564 1926 1586 1972 ij
1616 1932 1737 1972 quarte
1752 1941 1762 1960 s

354 2002 495 2035 Summa
525 2002 752 2048 expensarum
778 2002 826 2048 xlj
854 2007 1016 2036 mutones
1041 2004 1055 2048 J'
1085 2006 1208 2047 quarta
1226 2015 1238 2035 l
1257 2007 1293 2036 et
1319 2000 1362 2036 fic
1389 2001 1517 2036 restant
1544 2003 1580 2036 in
1611 2008 1687 2037 toto
1705 2003 1763 2036 xlv

355 2084 516 2112 mutones
542 2079 577 2125 iij
609 2084 730 2123 quarte
758 2092 770 2113 t
799 2079 889 2114 Item
908 2080 1014 2126 empt'
1044 2080 1066 2126 ij
1094 2079 1194 2127 vitulj
1214 2081 1329 2126 magnj
1349 2080 1443 2126 price
1461 2080 1497 2114 xl
1515 2085 1531 2115 ἔ
1549 2093 1560 2114 l
1581 2081 1623 2115 de
1641 2081 1764 2126 quibus

355 2157 476 2202 expen’
494 2155 543 2202 ij-„12
560 2161 680 2202 quarte
698 2156 797 2203 vitulj
819 2170 829 2189 l
849 2162 883 2191 et
899 2156 942 2191 fic
959 2156 1113 2203 restantj
1133 2157 1263 2192 vitulus
1280 2169 1427 2203 magnus
1439 2157 1480 2204 ἦ
1498 2163 1620 2204 quarta
1639 2171 1650 2192 l
1671 2158 1761 2192 Item

357 2234 461 2280 enrpt’
479 2234 571 2280 apud
590 2233 771 2268 Daulketh
789 2234 825 2267 in
842 2234 988 2280 prandio
1006 2235 1064 2281 viij
1083 2246 1233 2281 capones
1250 2235 1296 2281 vij
1315 2239 1331 2269 ἕ
1349 2247 1360 2268 t
1380 2235 1437 2282 viij
1456 2235 1573 2282 pultre
1587 2248 1607 2270 v
1621 2240 1637 2271 's‘
1654 2235 1700 2282 iiij
1712 2236 1736 2270 d
1752 2249 1763 2268 s

359 2313 379 2357 ij
396 2311 537 2358 porcellj
552 2311 584 2357 iij
601 2316 615 2346 Ξ
634 2324 645 2345 l
664 2311 698 2357 iij
715 2323 799 2345 auce
814 2311 996 2346 domestice
1008 2314 1041 2358 vj
1057 2317 1072 2347 ἓ
1085 2312 1141 2357 viij
1156 2312 1180 2347 d
1198 2325 1209 2345 l
1228 2312 1275 2358 iiij
1291 2312 1440 2359 cuniculj
1456 2325 1479 2346 x
1492 2317 1508 2347 ἔ
1526 2326 1537 2346 s
1557 2314 1589 2359 vj
1601 2312 1763 2361 pluuiarij
