1861 2703
291 259 336 293 64«
742 255 901 290 LIBER
929 255 1207 291 DOMICILII
1605 256 1707 292 1526.

292 354 405 388 larum
417 353 445 400 j
464 352 574 388 lxxxv
606 364 712 399 panes
741 366 751 387 t
778 357 813 387 et
842 352 886 387 fic
913 352 1042 388 restant
1070 352 1116 388 ixc
1134 352 1230 401 lxxvj
1250 364 1366 400 panes.
1423 358 1709 390 BUTELARIA.

295 433 429 479 Expen’
447 431 482 465 lv
500 431 615 477 lagine
634 431 669 478 iij
688 436 810 477 quarte
829 429 970 466 ceruifie
990 444 1001 465 l
1021 436 1056 465 et
1073 429 1116 465 fic
1128 430 1255 465 restant
1263 433 1290 478 j‘
1304 431 1393 466 lxxv
1409 431 1525 478 lagine
1538 431 1571 478 iij
1592 438 1713 478 quarte

292 509 442 545 ceruifie.
496 515 771 545 BUTELARIA
789 522 853 556 pro
869 516 1084 552 COQUINA.
1139 509 1276 543 Intrata
1291 522 1311 543 v
1324 509 1446 544 barilia
1457 509 1605 544 allecum
1622 508 1713 544 assise

293 589 335 622 de
351 587 454 623 Leith
469 587 686 622 continentia
698 587 782 634 iiij‘s’
794 587 841 634 iijc
853 587 888 621 xl
903 587 1013 621 alleca
1026 585 1108 621 salsa
1127 600 1137 621 l
1158 592 1191 621 et
1210 586 1252 621 fic
1267 587 1394 621 restant
1408 588 1444 621 in
1459 593 1536 622 toto
1549 601 1619 622 una
1633 601 1713 622 cum

293 666 406 701 sabote
423 665 634 713 precedente
652 665 708 700 vm
721 665 749 713 jc
766 665 879 700 lxxxv
897 665 1006 699 alleca
1023 663 1104 699 salsa
1122 678 1133 698 s
1155 664 1245 699 Item
1265 666 1371 712 empt’
1398 665 1444 711 xij
1475 665 1635 700 mulones
1661 678 1713 700 re-

293 750 409 779 centes
423 758 433 778 s
447 750 480 778 vc
491 744 527 778 lx
539 744 604 791 albj
619 744 723 791 pisces
739 744 824 790 11ἰῇΕ
836 743 1015 790 merlingis
1027 742 1195 777 estiuiales
1211 756 1222 777 Ι
1239 742 1334 790 xlviij
1348 742 1484 790 podlois
1496 760 1506 777 l
1522 744 1554 790 vj
1571 743 1648 778 solis
1663 757 1674 778 s
1688 744 1708 790 ij

292 823 416 869 leingis
437 835 443 857 l
459 822 473 869 j
490 821 594 857 turbo
614 835 625 856 l
643 822 725 869 xviij
741 821 849 868 girlfis
864 835 875 856 l
890 822 926 855 in
940 822 1042 856 trutis
1060 835 1071 855 l
1087 821 1284 869 pectinibus
1304 835 1314 855 s
1334 820 1488 855 fundolis
1508 834 1518 855 Ι
1538 820 1683 868 spouttis
1700 835 1709 855 s

293 906 327 935 et
344 899 517 946 grenbans
537 913 547 933 t
566 899 650 946 varij
670 900 775 946 precij
806 913 817 933 s
845 900 989 933 Summa
1006 899 1038 946 vj
1058 900 1082 933 li
1101 897 1183 946 xviij
1204 899 1228 934 d
1258 913 1268 933 t
1301 905 1335 933 et
1366 900 1490 946 expen'
1518 917 1528 932 l
1558 899 1616 934 De
1635 913 1713 947 pre-

292 978 427 1012 intratis
447 991 457 1011 s
477 979 600 1025 expen’
618 978 639 1024 ij
658 983 756 1025 petre
774 977 880 1025 butirj
901 991 912 1011 l
932 983 966 1012 et
985 976 1026 1012 fic
1044 977 1171 1012 restant
1191 991 1210 1011 v
1229 984 1327 1025 petre
1346 978 1379 1025 xj
1400 977 1488 1012 libre
1507 978 1625 1024 butirj.

805 1055 948 1090 Summa
965 1055 997 1102 vj
1018 1057 1043 1090 fi
1062 1056 1144 1102 xviiJ'
1165 1056 1199 1090 d.

337 1219 419 1248 DIE
445 1218 571 1248 LUNE
598 1211 750 1246 secundo
768 1211 866 1246 Julii.
920 1210 1097 1245 Dominus
1125 1209 1205 1245 Rex
1232 1209 1353 1245 manfit
1383 1212 1475 1258 apud
1509 1211 1654 1246 Kauder
1674 1212 1710 1245 in

212 1312 259 1327 ene.
288 1291 434 1338 prandio
453 1289 554 1337 super
573 1289 728 1337 expensis
747 1289 892 1336 Dominj
907 1289 1060 1324 eiusdem
1080 1302 1091 1323 J
1111 1294 1145 1324 et
1164 1288 1318 1324 [imiliter
1337 1290 1430 1336 apud
1450 1289 1708 1338 Corstorphene

194 1398 207 1408 ε,
228 1397 233 1402 .
288 1371 323 1404 in
343 1382 429 1404 cena
446 1382 525 1404 euni
545 1368 704 1403 Domino
725 1367 878 1403 eiusdem
896 1367 957 1402 isto
977 1368 1032 1402 die
1052 1381 1063 1401 s
1083 1373 1118 1402 et
1134 1367 1251 1415 postea
1277 1368 1446 1414 equitauit
1465 1367 1582 1403 versus
1603 1368 1708 1403 Edin-

289 1449 402 1495 burgh
420 1448 457 1482 in
474 1447 667 1482 collacione
687 1464 696 1480 s
718 1453 752 1482 et
771 1448 894 1494 expen’
913 1447 949 1481 in
968 1447 1060 1481 dieta
1077 1447 1252 1493 sequente.

337 1611 419 1640 DIE
444 1610 621 1640 MARTIS
651 1604 721 1638 xvii
749 1602 846 1639 Julii.
912 1609 1158 1640 PANETRIA.
1208 1603 1266 1638 De
1300 1604 1500 1651 preintratis
1536 1618 1547 1638 l
1584 1606 1708 1651 expen'

289 1683 381 1729 apud
400 1682 609 1728 Edinburgh
627 1682 665 1716 in
683 1681 831 1728 prandio
843 1681 873 1728 jc
890 1694 961 1716 xxv
977 1694 1085 1728 panes
1116 1698 1126 1715 ι
1160 1686 1194 1716 et
1212 1680 1256 1716 iic
1273 1681 1402 1716 restant
1414 1682 1464 1728 J‘D
1482 1682 1543 1729 iiijc
1561 1681 1707 1717 lxxxxix

286 1772 392 1806 panes
418 1760 511 1807 apud
538 1759 758 1806 Edinburgh.
812 1765 1095 1796 BUTELARIA.
1143 1759 1280 1807 Expen’
1297 1760 1403 1807 xxxvj
1420 1760 1563 1808 laginej
1583 1767 1707 1807 quarta

287 1837 427 1873 ceruifie
447 1855 456 1871 t
478 1844 512 1873 et
530 1837 572 1872 fic
593 1837 720 1873 restant
738 1838 773 1885 ijc
791 1838 886 1885 xxxij
905 1837 1021 1884 lagine
1034 1841 1048 1886 j
1068 1844 1191 1885 quarta
1209 1837 1349 1873 ceruifie
1367 1839 1460 1886 apud
1484 1839 1704 1887 Edinburgh.

288 1923 498 1960 COQUINA.
537 1918 558 1963 ij
587 1915 729 1963 porcellj
752 1929 762 1949 s
782 1928 907 1950 vauce
939 1915 1123 1950 domestice
1152 1929 1163 1950 s
1192 1915 1277 1964 xliiij
1308 1916 1428 1964 pultre
1460 1930 1471 1951 s
1502 1917 1525 1964 ij
1557 1930 1705 1965 capones

286 1994 366 2042 pastj
382 2012 391 2027 l
408 2007 429 2029 v
442 2006 591 2041 capones
611 2007 621 2027 s
641 1995 675 2040 vj
691 2006 773 2028 aues
788 1993 937 2028 morales
957 2007 968 2027 l
988 1993 1045 2040 viij
1063 1993 1195 2040 pouttis
1215 2007 1226 2027 l
1246 1994 1290 2041 vij
1308 1994 1458 2041 cuniculj
1480 2007 1491 2028 l
1510 1995 1547 2029 in
1561 1994 1676 2029 herbis
1692 2009 1703 2030 s

286 2072 437 2106 oleribus
458 2085 469 2105 Ι
488 2072 596 2106 ordeo
616 2085 627 2105 s
647 2071 764 2106 butiro
784 2089 794 2105 l
814 2072 899 2118 varij
918 2071 1024 2119 precij
1055 2085 1066 2105 l
1095 2071 1238 2106 Summa
1257 2074 1288 2119 vj
1310 2073 1335 2107 fi
1353 2072 1410 2120 viij
1430 2072 1455 2107 d
1472 2089 1483 2106 l
1503 2078 1538 2107 et
1552 2075 1676 2121 expen’
1692 2091 1701 2107 s

288 2150 379 2184 Item
398 2151 502 2197 enipt’
520 2150 541 2197 ij
562 2150 717 2196 cai-cagia
743 2156 933 2185 mertarum
959 2150 994 2198 iij
1023 2150 1048 2185 ii
1066 2150 1113 2197 xij
1132 2155 1147 2185 ἔ
1176 2163 1188 2184 l
1219 2152 1254 2198 xj
1274 2157 1435 2186 mutones
1453 2152 1488 2198 iij
1507 2151 1530 2186 ii
1550 2151 1582 2198 vj
1602 2156 1617 2186 ἔ
1636 2165 1647 2185 s
1668 2152 1701 2198 iij

286 2227 365 2274 agnj
386 2227 420 2261 ix
438 2232 453 2262 ἔ
472 2241 482 2261 s
502 2227 523 2273 ij
543 2227 629 2262 libre
649 2229 723 2274 cepj
745 2241 755 2261 s
775 2227 796 2273 ij
817 2227 936 2274 lingue
956 2242 967 2262 l
988 2228 1008 2275 ij
1029 2233 1044 2263 ἔ
1063 2241 1074 2262 t
1093 2233 1127 2262 et
1146 2230 1281 2275 expen'.

752 2306 893 2341 Summa
911 2306 968 2354 xiij
988 2307 1011 2341 ii
1032 2307 1067 2341 ix
1084 2311 1100 2342 ἔ
1117 2307 1174 2354 viij
1194 2306 1228 2342 d.
