1861 2703
162 242 267 278 15v29.
659 237 815 273 REGIS
841 237 1029 273 JACOBI
1057 238 1102 273 v.
1262 226 1265 229 ’
1511 243 1579 273 115

210 342 293 372 DIE
316 339 514 370 VENERIS
533 334 616 368 xxvi
637 333 774 369 Mercii.
827 341 1080 371 PANETRIA.
1120 335 1176 369 De
1200 336 1399 382 preintratis
1419 349 1429 369 s
1449 337 1575 382 expen'

154 414 182 460 j
200 412 293 458 lxxxj
313 424 419 458 panes
439 424 449 445 l
469 416 503 445 et
521 410 562 446 fic
581 411 708 446 restant
736 412 791 446 v‘D
817 412 853 458 ij⁰
883 413 989 459 xxviij
1018 426 1134 460 panes.
1187 420 1466 450 BUTELARIA.
1505 413 1574 447 Ex-

158 491 237 537 pen'
255 490 327 536 lviij
346 489 461 536 lagine
479 489 501 537 ij
521 495 644 536 quarte
670 489 812 525 ceruifie
833 504 843 524 Ι
863 496 898 525 et
925 490 968 525 fic
996 491 1122 526 restant
1152 492 1223 539 viijC
1254 492 1397 540 lxxxviiJ'
1418 493 1532 537 lagine
1552 493 1571 539 ij

157 573 279 613 quarte
298 566 450 602 ceruifie.
515 574 730 611 COQUINA.
769 568 887 615 Empt’
915 569 950 603 in
979 570 1093 616 porris
1113 584 1123 604 s
1143 569 1218 617 pifis
1239 584 1250 604 s
1268 569 1382 617 grossa
1412 571 1541 604 far-rina
1562 584 1572 603 t

159 645 266 680 ordeo
284 659 294 679 Ι
310 651 344 680 et
362 646 474 693 pomis
493 659 504 680 t
524 647 608 693 val-ij
630 647 735 694 prceij
766 660 776 681 s
805 647 948 681 Summa
966 647 1012 694 iiij
1032 648 1057 681 ii
1077 648 1110 681 ix
1129 653 1144 683 ἔ
1162 661 1184 682 x
1201 648 1225 682 d
1256 661 1267 682 s
1298 654 1332 683 et
1350 650 1473 695 expen’
1495 662 1505 682 l
1528 649 1574 682 Et

157 725 290 771 relique
309 725 456 772 expense
480 725 583 760 huius
601 726 693 760 dieto
712 726 939 760 continentur
956 725 992 759 in
1012 725 1197 772 Specieria.

653 803 796 837 Summa
813 802 858 849 iiij
878 803 902 837 ti
921 803 956 836 ix
974 807 989 837 ἔ
1007 814 1028 835 x
1045 802 1081 836 d.

206 965 288 995 DIE
312 965 547 996 DOMINICO
566 959 674 993 xxviii
700 958 838 993 Mercii.
890 963 1140 994 PANETRIA.
1180 957 1238 992 De
1265 959 1465 1005 preintratis
1486 972 1497 991 l
1518 972 1574 993 ex-

158 1038 237 1084 pen'
255 1037 292 1071 in
310 1037 486 1071 dominico
505 1037 540 1071 lv
558 1049 664 1084 panes
692 1050 703 1070 l
732 1036 823 1071 Item
852 1037 888 1070 in
914 1035 1066 1071 seeundo
1096 1037 1132 1083 iJ'c
1162 1035 1281 1083 lxxviij
1310 1049 1417 1083 panes
1445 1050 1455 1070 s
1485 1037 1575 1071 Item

158 1117 281 1163 expen’
300 1116 336 1149 in
355 1115 493 1163 pastillis
507 1117 534 1162 jc
552 1115 610 1162 lvij
631 1127 737 1162 panes
765 1128 776 1149 s
805 1114 948 1149 Summa
971 1113 1201 1161 expensarum
1231 1114 1290 1161 iiijc
1308 1114 1368 1148 lxx
1387 1128 1493 1161 panes
1513 1129 1523 1149 s
1543 1123 1577 1149 et

157 1193 200 1228 fic
231 1194 357 1228 restant
388 1193 470 1240 iiijm
500 1199 534 1228 vc
564 1193 610 1241 lvj
642 1206 760 1240 panes.
817 1198 1099 1229 BUTELARIA.
1140 1192 1276 1240 Expen'
1308 1193 1428 1240 lxxxiij
1461 1194 1575 1240 lagine

152 1275 166 1319 j
186 1277 310 1318 quarta
327 1271 468 1306 ceruifie
485 1285 496 1306 l
512 1276 546 1306 et
563 1270 606 1306 fic
624 1270 752 1305 reflant
770 1271 828 1318 vij‘
845 1271 918 1305 lxix
936 1271 1050 1317 lagine
1070 1269 1221 1305 ceruifie.
1275 1278 1490 1314 COQUINA.
1519 1272 1575 1306 De

158 1349 280 1396 vigintj
301 1350 420 1384 mertis
450 1349 474 1396 ὲ
501 1354 624 1395 quarta
654 1354 764 1383 merte
795 1347 877 1382 salse
908 1347 1030 1382 restan’
1058 1349 1152 1395 apud
1183 1348 1392 1396 Edinburgh
1423 1348 1573 1383 secundo

159 1427 338 1474 Februarij
359 1428 483 1474 expen’
502 1427 538 1461 in
557 1426 733 1461 domicilio
752 1427 798 1474 iiij
819 1431 930 1461 merte
947 1427 982 1474 iij
1002 1432 1124 1473 quarte
1142 1425 1224 1461 fissse
1243 1439 1254 1459 l
1274 1433 1308 1461 et
1326 1426 1369 1461 fic
1388 1427 1514 1461 restant
1529 1441 1574 1462 xv

158 1582 215 1629 viij
229 1583 252 1617 fi
271 1582 316 1627 xij
331 1588 346 1618 ἔ
365 1596 375 1616 s
395 1582 427 1629 xj
448 1582 548 1629 vitulj
565 1582 680 1629 magnj
697 1595 708 1616 1
723 1583 870 1630 pricium
889 1596 935 1618 xv
952 1584 977 1617 ii
998 1595 1006 1618 1
1028 1584 1063 1617 ix
1081 1588 1244 1618 mutones
1262 1584 1310 1630 iiij
1329 1584 1353 1618 ii
1372 1584 1416 1630 vij
1437 1590 1452 1619 ἕ
1470 1585 1504 1618 ix
1521 1585 1545 1619 d
1561 1599 1571 1618 s

157 1661 261 1707 xxxvj
282 1660 376 1707 porcj
397 1661 490 1708 apud
510 1659 646 1695 Melros
677 1660 748 1707 xxij
767 1661 792 1695 ii
810 1661 866 1708 xvj
887 1666 902 1696 Ξ·
921 1675 932 1695 s
952 1661 996 1708 vij
1016 1663 1096 1708 agnj
1116 1663 1198 1708 xxxj
1219 1667 1233 1697 ἔ
1250 1662 1282 1708 vj
1302 1663 1325 1697 d
1357 1676 1369 1696 l
1400 1662 1469 1709 xxij
1495 1663 1572 1709 hedj

157 1818 178 1864 ij
199 1823 360 1851 mutones
379 1817 400 1863 ij
420 1821 542 1862 quarte
564 1829 571 1850 l
592 1816 614 1862 ij
634 1817 714 1862 agnj
736 1829 747 1850 l
768 1829 789 1851 x
809 1818 904 1863 porcj
936 1816 1110 1863 ij,qua1·te
1143 1816 1238 1863 porc-j
1273 1830 1284 1850 l
1313 1822 1348 1851 et
1376 1816 1419 1851 fic
1447 1816 1573 1850 restant.

159 1896 191 1942 iij
212 1901 322 1929 morte
340 1894 431 1941 paste
449 1895 470 1941 ἐξ
490 1900 613 1940 quarta
633 1907 644 1928 s
664 1907 685 1929 v
703 1895 783 1941 agnj
805 1908 816 1928 l
835 1895 931 1942 xxiiij
946 1895 1041 1942 porcj
1059 1896 1081 1942 iJ'
1097 1900 1219 1941 quarte
1240 1908 1251 1928 s
1271 1908 1291 1929 v
1310 1895 1408 1941 vitulj
1430 1895 1544 1941 magnj
1561 1909 1572 1928 l

159 1974 189 2020 vj
211 1979 372 2007 mutones
391 1973 411 2019 ij
432 1978 554 2018 quarte
576 1986 587 2006 s
607 1978 640 2007 et
659 1973 782 2019 expen'
803 1985 814 2006 l
833 1974 866 2019 vj
886 1973 940 2019 edj
960 1973 981 2019 ij
1002 1978 1125 2019 quarte
1145 1986 1156 2006 l
1176 1979 1211 2007 et
1238 1972 1281 2007 fic
1308 1973 1435 2007 restant
1453 1986 1498 2007 xv
1517 1973 1571 2018 edj

158 2052 178 2097 ij
199 2056 321 2097 quarte
350 2064 360 2084 s
390 2050 480 2085 Item
499 2051 605 2097 empt'
624 2063 646 2084 x
664 2050 764 2097 vitulj
786 2051 882 2097 paruj
900 2051 1004 2097 xxxvj
1021 2055 1036 2086 ἔ
1053 2050 1110 2097 viij
1126 2051 1150 2086 d
1169 2064 1179 2084 s
1199 2056 1233 2085 et
1248 2052 1372 2098 expen'
1384 2051 1428 2097 vij
1444 2051 1543 2097 vitulj
1562 2065 1572 2085 Ι

158 2135 192 2163 et
210 2128 253 2163 fic
271 2127 398 2162 restant
415 2128 448 2175 iij
469 2127 568 2174 vitulj
588 2128 686 2175 paruj
716 2141 727 2161 s
757 2127 847 2162 Item
876 2129 992 2162 intrat'
1017 2129 1031 2175 j
1064 2128 1125 2163 bos
1156 2128 1268 2176 pastus
1298 2129 1341 2163 de
1371 2129 1573 2163 Lundouris

157 2218 220 2252 pro
240 2212 339 2253 prato
361 2205 468 2252 Regis
487 2218 565 2240 cum
590 2206 704 2240 corrio
725 2206 764 2253 sj
785 2206 846 2240 bos
876 2206 988 2253 pastus
1018 2219 1081 2254 per
1100 2206 1275 2242 Abbatem
1307 2207 1350 2242 de
1378 2207 1571 2242 Newbotill

157 2298 234 2320 cum
255 2285 368 2319 eorrio
388 2297 431 2318 ex
449 2284 543 2319 dono
565 2297 572 2319 ι
594 2290 628 2319 et
647 2284 689 2319 fic
708 2284 834 2319 restant
853 2285 888 2318 in
907 2289 982 2320 toto
1001 2298 1022 2319 v
1042 2290 1151 2320 morte
1169 2284 1260 2333 paste
1279 2285 1301 2332 ᾗ)
1319 2293 1441 2331 quarta
1460 2291 1570 2319 merte

851 2374 872 2395 T

1594 350 1696 367 l‘ARAs-

1592 389 1688 406 SAPHE.

1594 974 1701 992 FESTt‘M

1595 1014 1707 1031 PASCHE.
