1861 2703
172 247 276 284 1526.
662 245 817 281 REGIS
843 244 1028 280 JACOBI
1058 245 1103 279 V.
1547 246 1591 279 (55

218 350 301 381 DIE
325 348 507 380 MARTIS
526 342 595 376 xvii
613 341 712 377 Julii.
765 341 943 376 Dominus
962 340 1042 375 Rex
1063 346 1097 375 et
1115 341 1254 387 quidam
1274 340 1421 388 Dominj
1441 340 1483 375 de
1496 340 1589 375 Con-

170 421 242 456 filio
259 421 506 468 equitauerunt
524 419 567 455 de
587 419 796 466 Edinburgh
815 417 932 454 versus
949 424 1065 466 partes
1083 418 1315 454 occidentales
1333 419 1377 454 ad
1403 419 1494 454 circa
1512 431 1588 466 eap-

169 500 300 534 tionem
320 498 496 532 latronum
517 511 529 532 s
550 496 596 531 Et
614 496 675 531 isto
694 497 749 531 die
768 497 805 531 in
823 509 908 531 cena
934 496 1027 544 apud
1055 496 1169 532 Peblis
1199 498 1324 544 expen’
1351 497 1387 531 in
1414 497 1561 544 panibus
1574 511 1585 531 l

168 575 309 611 ceruifia
328 589 340 610 s
359 576 478 610 mertis
498 589 508 609 l
529 575 733 610 mutonibus
753 587 764 608 s
785 574 975 621 caponibus
994 588 1005 608 l
1025 575 1147 609 auibus
1176 574 1383 610 filuestribus
1412 589 1423 609 s
1452 580 1486 610 et
1512 576 1587 622 alijs

167 655 310 689 minutis
329 653 483 702 expeufis
502 668 513 687 s
532 659 570 688 vt
582 657 679 700 patet
698 653 732 686 in
751 651 875 688 cedula
893 652 1067 687 ᾰίὅὶαηιῐῐι
1086 653 1314 700 expensarum
1334 665 1396 700 per
1414 653 1589 688 thesaura-

167 733 258 767 rium
410 758 418 766 .
536 758 543 765 .
661 757 668 764 .
787 756 794 764 .
912 755 920 764 .
1038 756 1045 764 .
1172 757 1179 764 .
1291 729 1337 777 xij
1356 730 1382 765 fl
1403 731 1449 777 xij
1469 735 1484 766 ἔ
1502 732 1533 777 vj
1553 731 1587 765 d.

218 816 337 846 ITEM
363 816 447 845 DIE
472 813 708 845 MERCURII
730 807 812 842 xviIi
826 807 923 843 Julii.
961 807 1004 842 In
1020 807 1168 854 prandio
1182 807 1275 854 apud
1291 807 1406 842 Peblis
1424 821 1436 842 l
1456 815 1490 842 et
1505 821 1589 843 cena

167 888 293 922 ibidem
315 901 326 921 s
346 888 469 934 expen’
487 887 523 920 in
542 885 688 933 panibus
708 899 718 919 Ι
738 884 880 920 ceruifia
898 898 910 919 J
929 884 1074 932 piscibus
1093 890 1127 919 et
1153 884 1228 931 alijs
1246 884 1401 932 expenfis
1421 898 1431 918 l
1452 891 1490 919 ut
1509 899 1589 920 con-

167 966 299 1000 tinetur
318 966 353 999 in
371 965 492 999 eadem
511 963 634 998 cedula
799 989 807 996 .
958 988 965 995 .
1115 988 1122 995 .
1293 962 1351 1010 xiij
1371 962 1395 997 Ῐὶ
1414 976 1460 997 xv
1478 969 1493 998 3
1510 976 1532 997 x
1550 964 1584 998 d.

215 1049 336 1079 ITEM
361 1048 443 1078 DIE
467 1048 599 1078 JOUIS
617 1042 677 1076 xix
694 1040 792 1077 Julii.
825 1040 870 1075 In
887 1040 1035 1087 prandio
1053 1040 1146 1087 apud
1167 1039 1280 1074 Peblis
1299 1041 1335 1074 in
1353 1040 1585 1076 confimilibus

166 1119 319 1169 expenfis
524 1146 532 1154 .
700 1145 708 1154 .
873 1144 881 1152 .
1046 1144 1054 1152 .
1219 1144 1227 1152 .
1400 1120 1457 1166 xxj
1477 1124 1492 1154 3
1510 1120 1530 1166 ij
1550 1121 1584 1155 d.

213 1198 259 1232 Et
280 1198 555 1233 Memoranduln
583 1215 593 1231 l
620 1197 715 1245 quod
735 1197 912 1231 Dominus
928 1196 1008 1231 Rex
1023 1195 1143 1230 manfit
1158 1196 1227 1231 Die
1243 1196 1344 1232 Jouis
1361 1198 1396 1231 in
1410 1198 1558 1244 prandio
1575 1212 1585 1231 s

164 1277 256 1324 apud
277 1276 413 1311 Melros
430 1277 467 1310 in
486 1289 571 1311 cena
591 1290 601 1310 t
621 1280 656 1311 et
674 1276 729 1311 die
748 1275 910 1321 sequente
928 1275 965 1308 in
982 1274 1130 1321 prandio
1144 1275 1245 1322 super
1263 1274 1418 1322 expenfis
1438 1275 1584 1310 Abbatis

165 1355 326 1389 eiusdem.

212 1438 334 1468 ITEM
358 1438 440 1468 DIE
465 1436 666 1468 VENERIS
684 1444 731 1466 xx
748 1431 846 1468 Julii.
900 1431 944 1465 In
971 1443 1057 1465 cena
1082 1431 1175 1478 apud
1203 1430 1387 1478 Jedburgh
1406 1433 1529 1479 expen'
1547 1433 1583 1466 in

162 1509 308 1556 panibus
330 1521 338 1544 Ι
358 1507 501 1544 ceruifia
518 1522 530 1543 s
548 1508 696 1555 piscibus
715 1521 727 1542 l
745 1508 862 1543 butiro
883 1521 894 1542 l
913 1508 1009 1543 caseo
1030 1521 1041 1542 l
1061 1508 1213 1543 candeIis
1244 1522 1255 1542 s
1284 1514 1319 1543 et
1346 1508 1422 1556 alijs
1439 1510 1583 1544 minutis

162 1585 316 1634 expenfis
497 1613 504 1619 .
653 1613 660 1621 .
809 1611 817 1619 .
966 1613 973 1621 .
1140 1612 1147 1619 .
1301 1586 1333 1633 xj
1352 1587 1377 1621 ii
1396 1600 1418 1621 x
1437 1592 1451 1622 ἔ
1470 1587 1525 1634 viij
1547 1588 1581 1622 d.

209 1671 331 1700 ITEM
355 1669 437 1700 DIE
464 1669 632 1700 SABOTI
656 1664 715 1698 xxi
734 1663 832 1699 Julii.
885 1664 996 1710 Apud
1011 1663 1195 1711 Jedburgh
1210 1666 1334 1712 expen’
1352 1665 1386 1698 in
1407 1665 1552 1711 panibus
1569 1679 1579 1698 l

160 1742 300 1778 ceruifia
319 1756 330 1777 l
349 1743 431 1778 vino
452 1759 462 1776 r
482 1749 517 1778 et
535 1743 610 1789 alijs
628 1742 772 1778 minutis
790 1740 945 1789 expenfis
973 1758 983 1775 s
1011 1747 1051 1777 ut
1068 1749 1163 1789 patet
1191 1743 1227 1776 in
1255 1742 1378 1777 cedula
1406 1742 1579 1776 diffitarum

159 1821 385 1868 expensarum
566 1847 573 1854 .
741 1845 748 1853 .
922 1846 930 1853 .
1106 1846 1113 1854 .
1285 1820 1331 1867 xij
1350 1820 1375 1854 ’ti
1395 1820 1450 1866 xvj
1472 1825 1486 1855 3
1504 1833 1524 1853 x
1543 1821 1576 1854 d.

206 1904 327 1934 ITEM
351 1903 434 1934 DIE
458 1903 693 1934 DOMINICO
712 1897 783 1931 xxii
801 1896 900 1932 Julii.
953 1897 1088 1945 Expen’
1107 1898 1142 1932 in
1161 1896 1393 1932 confimilibus
1420 1896 1575 1944 expenfis

158 1976 200 2011 ad
217 1975 401 2021 Jedburgh
550 2001 558 2009 .
706 2001 713 2009 .
862 2001 870 2009 .
1019 2001 1027 2010 .
1176 2002 1183 2009 .
1283 1976 1342 2010 xix
1359 1977 1384 2010 fi
1401 1976 1437 2010 ix
1455 1981 1470 2011 3
1488 1979 1520 2023 vj
1539 1977 1573 2011 d.

205 2061 287 2091 DIE
312 2060 439 2091 LUNE
474 2052 634 2088 vicefimo
669 2054 778 2088 tercio
809 2053 908 2089 Julii.
980 2053 1022 2087 In
1058 2051 1290 2088 confimilibus
1325 2053 1479 2101 expenfis
1513 2054 1574 2088 ibi-

157 2132 235 2166 dem
420 2157 427 2164 .
588 2157 596 2164 .
755 2156 762 2164 .
930 2156 938 2164 .
1088 2156 1096 2164 .
1243 2131 1301 2178 xiij
1321 2131 1345 2166 fi
1363 2132 1445 2179 xviij
1465 2137 1480 2167 3
1497 2145 1519 2166 x
1537 2133 1570 2167 d.

204 2214 288 2245 DIE
311 2214 492 2246 MARTIS
520 2209 617 2244 xxiiii
647 2208 746 2245 Julii.
799 2208 936 2256 Expen'
969 2208 1005 2242 in
1036 2208 1181 2255 panibus
1201 2222 1212 2243 l
1232 2207 1374 2244 ceruifia
1397 2222 1408 2243 s
1427 2208 1572 2256 pilisibus

156 2286 289 2333 magnis
307 2291 342 2321 et
360 2286 476 2334 paruis
640 2312 650 2321 .
815 2313 823 2320 .
989 2311 998 2321 .
1148 2313 1155 2321 .
1304 2287 1337 2334 iij
1357 2288 1380 2322 ti
1400 2300 1444 2322 xv
1464 2266 1478 2322 3
1496 2301 1517 2321 x
1535 2289 1569 2323 d.

831 2375 843 2397 1

1618 509 1705 531 Publi&

1614 1285 1705 1307 Melros.

1612 1443 1742 1473 Jedburgh.
