1861 2703
186 276 289 308 1525.
682 268 838 304 REGIS
864 269 1052 305 JACOBI
1081 270 1125 304 V.
1557 277 1604 315 37

181 368 260 415 lucij
282 381 294 402 s
312 368 349 402 in
366 365 540 413 grenbans
561 379 572 399 s
591 365 789 412 pectinibus
809 379 820 399 t
839 365 948 400 bukes
981 383 991 399 l
1025 365 1134 414 ostriJS
1167 384 1176 400 l
1206 369 1367 403 musculis
1386 383 1397 404 l
1417 371 1567 418 cariagio
1588 387 1598 406 s

180 447 291 493 pomis
309 450 343 480 et
360 444 444 492 piris
463 457 474 478 s
494 444 579 491 varij
599 444 706 491 precij
735 457 747 478 l
775 443 920 479 Summa
949 445 1007 491 viij
1026 445 1051 479 fi
1070 446 1127 492 xvj
1148 450 1163 481 ἔ
1178 445 1200 493 ij
1220 447 1244 482 d
1264 460 1275 481 l
1295 453 1328 482 et
1347 451 1471 496 expen'
1499 463 1510 483 l
1539 450 1597 485 De

177 523 377 570 preintratis
397 535 408 557 t
429 523 552 570 expen’
570 523 630 556 xix
647 521 757 569 girlfis
777 535 788 556 s
809 528 844 557 et
862 522 904 556 fic
924 522 1061 558 restant.

651 600 794 635 Summa
812 601 869 648 viij
889 601 914 636 fi
932 601 988 649 xvj
1008 607 1023 637 ἔ
1042 602 1062 649 ij
1082 602 1116 637 d.

224 765 307 795 DIE
333 765 502 795 SABOTI
530 759 635 794 tertio
656 758 794 794 Mercii.
848 766 1096 796 PANETRIA.
1134 759 1192 794 De
1218 761 1418 807 preintratis
1439 775 1449 795 s
1469 764 1594 810 expen’

174 837 211 870 in
229 836 405 872 dominico
424 838 548 884 expen’
574 850 621 872 xv
638 849 744 884 panes
764 850 775 871 t
794 837 837 872 de
865 837 1016 872 secundo
1044 838 1080 884 iJ'c
1109 837 1194 884 xxiij
1217 850 1324 884 panes
1354 851 1366 872 l
1397 839 1541 874 Summa
1558 841 1593 888 ijc

173 915 304 962 xxxviij
336 927 443 961 panes
475 928 486 949 l
516 920 550 950 et
579 914 622 950 fic
649 915 777 950 restant
807 916 902 962 viijss)
932 915 980 962 iijF
1008 915 1105 962 xxiiij
1134 927 1253 962 panes.
1310 923 1591 954 BUTELARIA.

173 992 309 1038 Expen’
328 992 388 1026 lxx
405 992 521 1039 lagine
540 991 680 1027 ceruifie
699 1005 711 1027 l
731 998 766 1027 et
784 991 826 1026 fic
844 992 972 1026 restant
992 992 1028 1039 ijc
1044 992 1152 1039 xxviij
1172 992 1317 1041 laginej
1336 1000 1461 1040 quarta
1482 997 1592 1030 cerui-

171 1069 224 1104 fie.
277 1077 492 1113 COQUINA.
531 1070 589 1105 De
607 1070 808 1117 preintratis
827 1083 839 1104 l
859 1071 982 1117 expen’
997 1070 1045 1118 iijc
1062 1076 1113 1105 vxx
1128 1070 1238 1105 alleca
1252 1071 1333 1106 salsa
1345 1086 1356 1106 s
1369 1086 1416 1107 xx
1431 1074 1591 1109 mulones

170 1148 255 1195 aridj
276 1162 287 1182 t
307 1149 343 1196 ijC
373 1149 559 1196 speldingis
578 1162 590 1183 s
608 1161 630 1183 v
648 1149 782 1196 rigadia
812 1149 908 1183 arida
927 1148 966 1195 sj
989 1153 1086 1195 petra
1116 1149 1188 1196 xiiij
1219 1149 1307 1184 libre
1339 1150 1443 1198 butirj
1465 1165 1476 1185 s
1496 1158 1531 1186 et
1548 1152 1591 1187 fic

170 1225 296 1260 restant
315 1227 392 1274 iiij(D
424 1227 471 1261 ixc
500 1227 571 1274 lxxj
603 1226 712 1261 alleca
729 1226 810 1261 salsa
829 1239 840 1260 l
858 1228 905 1274 vj‘
922 1226 1006 1273 lxvij
1027 1226 1188 1261 mulones
1205 1227 1291 1275 aridj
1323 1242 1334 1262 s
1359 1228 1388 1276 jc
1406 1229 1526 1277 lxxxiij
1547 1231 1590 1264 ri-

168 1304 271 1350 gadia
290 1305 387 1339 arida
407 1319 418 1339 l
437 1305 543 1352 xvijffi
562 1306 607 1339 ixc
625 1305 711 1339 lxxx
729 1304 915 1352 speldingis
935 1318 946 1340 l
965 1318 1036 1340 xxv
1057 1311 1156 1353 petre
1174 1319 1197 1340 x
1215 1306 1302 1341 libre
1320 1306 1426 1354 butirj
1457 1325 1466 1341 s
1497 1308 1588 1343 Item

169 1383 301 1429 empt'j
323 1383 420 1417 mulo
439 1396 560 1418 recens
581 1397 592 1417 s
611 1389 644 1418 vc
658 1383 766 1418 alleca
781 1384 935 1418 recentia
955 1397 966 1417 t
985 1384 1067 1431 xviij
1081 1383 1149 1417 albi
1164 1384 1269 1431 pisces
1289 1397 1301 1418 l
1320 1385 1365 1432 xij
1382 1386 1561 1433 merlingis
1576 1401 1588 1421 s

166 1460 187 1506 ij
208 1460 378 1495 salmones
406 1466 565 1496 recentes
585 1464 624 1509 sj
644 1461 748 1496 turbo
769 1474 780 1495 l
799 1461 820 1508 ij
840 1461 922 1508 lucij
943 1474 955 1495 t
973 1461 1069 1509 xxiiij
1096 1462 1203 1508 plsces
1231 1462 1317 1509 aridj
1348 1476 1360 1497 l
1390 1464 1426 1498 in
1454 1465 1556 1499 trutis
1576 1478 1586 1498 t

164 1538 339 1584 grenbans
359 1552 370 1572 s
393 1539 547 1573 fundolis
568 1553 579 1573 l
599 1539 709 1586 ostrijs
728 1552 739 1573 s
759 1540 909 1585 cariagio
930 1553 941 1573 s
957 1544 991 1573 et
1009 1539 1075 1574 sale
1097 1553 1108 1573 l
1127 1540 1213 1588 Varij
1227 1541 1333 1588 precij
1356 1554 1367 1575 s
1386 1542 1432 1589 iiij
1451 1543 1475 1577 ii
1493 1543 1553 1591 xiij
1573 1548 1588 1578 ἕ

164 1615 221 1661 viij
241 1616 265 1650 d
285 1629 296 1649 s
316 1622 350 1651 et
369 1618 493 1664 expen’
512 1630 523 1651 s
545 1616 634 1651 Item
651 1617 694 1651 de
708 1617 908 1664 preintratis
928 1631 939 1651 t
959 1619 1083 1664 expen'
1095 1618 1154 1652 xix
1165 1617 1274 1665 girlfis
1294 1632 1305 1653 s
1325 1624 1358 1654 et
1372 1618 1415 1654 fic
1429 1620 1567 1655 restant.

626 1694 770 1730 Summa
788 1695 834 1743 iiij
853 1696 878 1730 ii
895 1695 953 1742 xiij
974 1700 989 1730 ἔ
1006 1695 1063 1742 viij
1083 1696 1116 1730 d.

212 1857 294 1887 DIE
319 1858 555 1890 DOMINICO
582 1858 707 1899 quarto
724 1852 862 1887 Mercii.
915 1859 1173 1890 PANETRIA.
1203 1853 1261 1888 De
1275 1855 1475 1901 preintratis
1495 1869 1506 1889 s
1526 1869 1582 1890 ex-

161 1930 241 1974 pen’
259 1930 295 1963 in
314 1930 489 1965 dominico
508 1932 566 1978 xiij
586 1944 692 1978 panes
712 1945 723 1965 l
743 1931 785 1966 de
811 1931 962 1966 secundo
975 1931 1003 1978 j⁰
1021 1931 1153 1979 lxxxvij
1172 1945 1279 1979 panes
1307 1946 1318 1966 s
1347 1933 1438 1968 Item
1457 1936 1582 1982 expen’

161 2007 197 2039 in
218 2006 358 2053 pastillis
375 2022 438 2055 per
457 2009 544 2043 duos
563 2010 636 2045 dies
653 2010 725 2057 xliij
744 2022 852 2057 panes
871 2023 881 2044 s
902 2009 1046 2044 Summa
1060 2009 1287 2057 expensarum
1300 2010 1336 2058 ijc
1350 2012 1432 2059 xxiij
1445 2025 1552 2060 panes
1568 2027 1578 2047 s

162 2090 196 2118 et
227 2084 270 2119 fic
302 2085 427 2120 restant
464 2087 552 2134 viijffl
574 2088 640 2134 jcj
670 2100 787 2135 panes.
850 2094 1132 2125 BUTELARIA.
1180 2089 1316 2136 Expen'
1347 2090 1382 2124 lv
1409 2090 1524 2138 lagine
1556 2092 1577 2139 ij

160 2169 282 2208 quarte
314 2164 454 2200 ceruifie
490 2179 501 2199 s
537 2171 571 2200 et
601 2164 645 2200 fic
675 2166 802 2201 restant
826 2166 855 2213 jc
885 2166 1016 2214 lxxxxij
1054 2167 1169 2214 lagine
1203 2168 1237 2215 iij
1274 2174 1396 2215 quarte
1425 2169 1577 2206 ceruifie.

159 2248 373 2285 COQUINA.
417 2243 474 2278 De
493 2244 692 2291 preintratis
725 2257 737 2279 l
766 2246 889 2292 expen'
906 2246 967 2280 xix
985 2246 1145 2281 mulones
1174 2261 1185 2282 s
1217 2247 1265 2295 iijC
1294 2247 1480 2296 speldingis
1500 2263 1511 2284 s
1530 2250 1575 2297 vij

160 2321 290 2366 rigadia
308 2321 404 2356 arida
424 2335 435 2356 t
456 2327 489 2357 et
507 2321 550 2357 fic
569 2322 695 2357 restant
714 2323 759 2369 vjc
777 2322 873 2370 xlviij
894 2324 1054 2360 mulones
1073 2326 1158 2372 aridj
1181 2343 1190 2360 ι
1205 2326 1234 2373 je
1252 2326 1346 2374 lxxvj
1364 2328 1495 2374 rigadia
1513 2329 1578 2362 ari-
