1861 2703
329 221 400 252 QQ‘Z
786 216 945 252 LIBER
973 217 1249 254 DOMICILII
1644 227 1747 263 1520,

329 315 399 360 xvij
418 314 443 348 ii
460 313 508 360 iiij
527 318 542 348 ἔ
562 326 572 346 l
592 318 626 347 et
645 315 769 360 expen'
793 314 808 361 j
839 319 939 361 petra
957 327 978 349 v
995 315 1083 349 libre
1114 315 1218 362 butirj
1241 328 1252 349 l
1271 321 1306 350 et
1331 315 1374 351 fic
1404 316 1533 351 restant
1563 319 1600 352 in
1630 324 1706 355 toto
1725 321 1747 367 lj

332 397 430 440 petre
448 391 506 438 viij
526 391 613 425 libre
631 391 735 438 butirj
766 405 777 426 l
807 391 899 426 Item
918 392 961 426 de
979 393 1180 439 preintratis
1201 406 1209 428 l
1231 396 1356 440 expen'
1374 408 1444 429 xxv
1459 396 1620 431 mulones
1634 397 1719 444 aridj
1739 411 1749 431 l

334 476 366 504 et
386 469 428 504 fic
446 469 572 503 restant
591 470 625 516 ijc
645 470 680 504 xl
700 470 860 504 mnlones
878 470 980 517 aridj.

822 548 966 582 Summa
984 548 1019 581 lv
1036 549 1061 582 ii
1081 561 1124 582 xv
1144 553 1158 582 Ξ
1176 549 1210 595 iij
1230 549 1264 583 d.

180 728 288 746 mmm
384 711 464 740 DIE
485 710 646 740 SABOTI
665 717 738 738 xxv
756 704 974 738 Decembris,
1011 710 1257 740 PANETRIA.
1299 704 1357 739 De
1374 706 1575 752 preintratis
1594 720 1605 740 l
1625 710 1750 755 expen'

180 767 311 785 mmm.
336 785 371 817 in
398 783 575 817 dominico
601 782 709 829 lxxxij
737 795 843 829 panes
870 795 882 816 l
911 781 1003 816 Item
1022 782 1065 816 de
1083 782 1235 816 secundo
1264 783 1311 829 iijc
1337 783 1481 830 lxxxxiij
1501 797 1608 830 panes
1628 798 1639 818 t
1659 785 1750 820 Item

335 864 458 909 expen’
489 862 525 895 in
554 860 693 908 pastillis
723 860 758 907 ijc
789 860 883 907 lxxxj
911 873 1018 907 panes
1044 873 1056 894 l
1077 859 1220 894 Summa
1246 861 1472 907 expensarum
1501 861 1559 908 vijC
1585 863 1667 909 xviij
1694 876 1751 910 pa-

334 953 396 975 nes
416 954 426 974 l
446 945 480 974 et
498 939 541 973 fic
558 938 685 973 restant
703 938 783 984 vijffi
801 938 847 985 vjc
865 939 899 972 ix
916 950 1033 985 panes,
1101 944 1384 974 BUTELARIA.
1442 939 1499 974 De
1517 940 1659 974 ceruifia
1675 954 1751 987 pre-

335 1020 466 1052 intrata
484 1019 608 1064 expen'
627 1022 677 1051 ν’*
696 1017 754 1062 xiij
774 1016 889 1062 lagine
907 1016 941 1063 iij
961 1021 1084 1061 quarte
1114 1014 1255 1049 ceruifie
1284 1029 1294 1048 s
1323 1016 1415 1050 Item
1436 1017 1580 1052 liberate
1598 1019 1689 1052 cocis
1717 1023 1751 1052 et

336 1108 459 1131 eorum
478 1094 702 1129 seruitoribus
720 1106 784 1140 pro
803 1094 970 1139 gelaturis
988 1105 1071 1139 erga
1089 1092 1217 1126 Natale
1245 1092 1343 1139 xlviij
1362 1093 1478 1139 lagine
1495 1094 1516 1140 ij
1537 1100 1658 1140 quarte
1677 1108 1749 1130 cer-

335 1173 416 1209 uifie
444 1187 455 1207 s
484 1173 628 1207 Summa
645 1171 872 1218 expensarum
888 1171 915 1218 jc
933 1170 991 1217 xlij
1012 1170 1128 1216 lagine
1142 1171 1155 1216 j
1176 1174 1300 1215 quarta
1318 1169 1458 1205 ceruifie
1479 1184 1489 1204 t
1511 1176 1545 1205 et
1562 1170 1605 1206 fic
1623 1172 1748 1207 restant

333 1254 382 1286 ixC
400 1251 506 1297 lxxvij
526 1251 641 1296 lagine
661 1247 813 1283 ceruifie.
867 1254 1080 1291 COQUINA.
1122 1248 1180 1282 De
1199 1248 1306 1281 xxxix
1324 1248 1443 1282 mertis
1461 1256 1480 1293 ᾗ,
1498 1254 1621 1295 quarta
1638 1256 1748 1285 merte

335 1329 541 1365 restantibus
559 1328 651 1375 apud
671 1327 881 1373 Edinburgh
900 1326 1052 1361 secundo
1072 1325 1279 1360 Decembris
1310 1343 1320 1359 ι
1354 1326 1396 1360 de
1422 1327 1546 1372 quibus
1564 1330 1688 1375 expen'
1715 1329 1749 1362 in

335 1407 512 1443 domicilio
531 1408 552 1453 ij
573 1411 684 1440 merte
701 1405 736 1451 iij
756 1410 879 1451 quarte
900 1418 910 1438 s
931 1410 965 1438 et
982 1403 1026 1438 fic
1044 1403 1172 1438 restant
1193 1404 1297 1451 xxxvj
1318 1410 1429 1439 merte
1442 1405 1479 1451 j&
1499 1411 1622 1451 quarta
1640 1413 1749 1441 merte

335 1486 415 1523 salse
444 1500 454 1520 s
485 1485 575 1519 Item
594 1486 699 1531 empt'
718 1484 765 1530 iiij
786 1484 943 1529 carcagia
961 1484 983 1530 ij
1003 1488 1126 1529 quarte
1145 1488 1336 1517 mertarum
1354 1483 1549 1518 herbalium
1562 1484 1619 1530 viij
1632 1485 1658 1518 fi
1676 1485 1696 1531 ij
1710 1490 1725 1519 ἔ
1738 1498 1748 1518 Ι

337 1572 372 1599 et
390 1565 514 1611 expen’
534 1562 692 1597 Domino
713 1561 802 1608 Regj
818 1561 854 1607 j&
875 1566 998 1607 quarta
1017 1567 1128 1595 merte
1151 1561 1300 1595 recentis
1328 1578 1338 1593 l
1368 1560 1459 1595 Item
1487 1562 1636 1608 emptorj
1658 1576 1669 1596 s
1688 1563 1749 1609 pis-

336 1643 404 1690 torj
427 1656 438 1676 s
458 1641 664 1676 carbonario
685 1653 695 1673 s
715 1646 749 1674 et
767 1639 881 1686 lotricj
903 1639 1049 1686 Dominj
1072 1639 1180 1685 Regis
1205 1640 1219 1685 j
1247 1644 1358 1673 morta
1380 1639 1394 1685 j
1427 1645 1550 1684 quarta
1567 1645 1678 1673 merte
1698 1652 1748 1673 re-

337 1721 445 1756 centis
465 1734 475 1754 l
496 1726 529 1753 et
548 1717 591 1753 fic
608 1718 736 1753 restant
753 1718 775 1765 ij
796 1723 907 1752 merte
933 1717 994 1764 iiij
1023 1722 1146 1763 quarte
1174 1723 1285 1751 merte
1316 1717 1464 1751 recentis
1493 1730 1503 1750 s
1533 1717 1623 1751 Item
1643 1720 1748 1764 empt'

940 1794 985 1802 0..-

337 2035 385 2080 liij
405 2039 420 2068 ἒ
439 2033 484 2079 iiij
504 2033 528 2067 d
547 2045 558 2066 s
578 2038 612 2066 et
631 2033 757 2078 expen’
785 2045 796 2065 l
826 2031 916 2065 Item
948 2031 1053 2077 empt'
1071 2029 1153 2076 xviij
1186 2029 1484 2076 pulligallinarum
1503 2030 1537 2063 ix
1555 2035 1570 2064 ἔ
1599 2043 1610 2063 s
1640 2036 1674 2064 et
1692 2043 1748 2064 ex-

337 2113 417 2159 pen’
447 2124 456 2144 s
488 2111 578 2144 Item
599 2111 704 2157 empt’
722 2115 773 2144 vxx
793 2110 849 2156 viij
870 2114 1032 2143 mutones
1065 2121 1075 2142 Ι
1107 2107 1255 2154 pricium
1274 2107 1360 2154 pecij
1380 2120 1402 2141 v
1420 2112 1434 2141 ἔ
1452 2107 1498 2154 iiij
1517 2107 1542 2142 d
1568 2121 1579 2142 s
1608 2108 1748 2142 Summa

336 2189 446 2235 xxviij
480 2189 504 2223 ii
524 2188 616 2234 xvj&
648 2201 659 2221 l
692 2188 735 2222 de
764 2187 888 2233 quibus
918 2188 1041 2234 expen’
1069 2185 1128 2233 xlij
1161 2191 1323 2220 mutones
1353 2185 1387 2232 iij
1420 2191 1541 2231 quarte
1569 2187 1746 2221 mutonis!

341 2268 433 2302 Item
453 2266 554 2300 dietis
573 2265 746 2312 officiarijs
764 2278 785 2300 v
805 2270 967 2299 mutones
987 2278 997 2299 l
1018 2270 1051 2299 et
1069 2263 1111 2299 fic
1129 2264 1256 2299 restant
1272 2264 1308 2298 lx
1326 2266 1514 2311 mutonesj
1535 2270 1657 2310 quarta
1674 2278 1747 2303 mu-
