1861 2703
175 229 279 261 1528.
675 226 831 262 REGIS
857 227 1046 264 JACOBI
1074 228 1120 263 V.
1530 232 1597 268 189

176 323 264 358 Item
279 322 380 357 solut’
397 335 460 370 per
473 321 673 358 Johannem
688 323 850 371 Douglas
864 337 928 372 pro
943 325 1093 371 caringio
1109 324 1191 372 dic‘tj
1209 325 1278 373 vinj
1293 325 1335 360 de
1350 325 1462 372 burgo
1476 325 1594 360 versus

222 399 324 434 Leith
345 413 356 434 1
376 400 595 434 6Χῑῑειᾶὶίοῃ6
614 400 657 435 (16
677 401 818 436 cellario
838 415 850 436 s
869 414 908 436 ac
926 401 1143 449 impofitione
1163 403 1197 436 In
1216 403 1379 438 nauicula
1494 417 1540 437 xx
1558 405 1593 439 d.

170 477 261 512 Item
280 477 338 524 vnj
359 477 563 525 custodientj
585 484 620 513 et
638 479 794 526 vigilantj
816 480 851 513 in
871 480 966 514 difflt
985 479 1150 514 nauicula
1335 506 1343 514 .
1525 481 1545 528 ij
1566 485 1591 515 Ξ.

168 553 260 589 Item
280 567 344 601 pro
363 555 514 601 cariagio
533 555 576 590 de
594 560 699 603 portu
719 556 761 590 de
781 556 975 603 Striueling
994 556 1111 591 versus
1130 557 1276 592 castrum
1296 557 1448 592 eiusdem
1505 559 1539 592 ix
1557 559 1591 593 d.

168 633 261 667 Item
281 634 387 680 empt’
413 633 456 667 de
487 633 647 668 Roberto
680 634 862 670 Bertoune
894 648 906 669 s
938 636 984 682 xij
1016 634 1223 670 Decembris
1252 649 1263 670 s
1296 641 1331 670 et
1360 635 1455 671 mifl'e
1473 635 1592 671 versus

215 711 410 758 Striueling
428 711 474 759 iin
495 711 610 759 lagine
629 712 664 759 iij
686 718 808 760 quarte
829 715 844 760 j
868 713 989 760 pineta
1007 713 1078 760 vinj
1108 713 1252 761 Rinean
1274 727 1285 748 s
1304 714 1452 761 pricium
1470 715 1589 762 Ρίῐιξὶε

214 789 235 836 ij
256 795 271 825 ἔ
290 803 301 824 s
321 802 457 824 summa
704 817 712 825 .
957 817 965 825 .
1181 817 1189 825 .
1350 792 1397 840 iiij
1416 793 1441 827 fi
1460 794 1542 840 xviij
1562 798 1588 828 ἔ.

166 867 256 901 Item
277 869 383 915 empt'
401 868 437 902 in
468 868 501 903 le
529 868 740 903 roubbouris
757 882 822 916 pro
852 870 936 904 vino
967 869 1132 904 cariando
1162 882 1202 904 ac
1232 882 1296 917 pro
1314 869 1483 918 stipendio
1503 871 1586 918 dic'cj

210 947 282 993 vinj
302 947 345 981 de
366 946 575 993 Edinburgh
594 946 711 982 versus
731 947 926 994 Striueling
1122 973 1131 982 .
1331 974 1339 983 .
1521 963 1543 984 x
1561 955 1586 985 ἔ.

166 1026 257 1059 Item
278 1025 383 1072 empt'
402 1025 444 1059 de
462 1025 626 1061 Johanne
654 1025 835 1061 Grahame
856 1039 867 1060 l
886 1026 956 1073 xvij
987 1025 1195 1061 Decembris
1216 1026 1256 1074 sj
1277 1027 1394 1074 lagina
1418 1030 1432 1075 j
1464 1035 1587 1075 quarta

205 1103 219 1150 j
241 1104 362 1151 pi116ta
615 1130 624 1140 .
889 1130 896 1138 .
1167 1131 1176 1140 .
1422 1107 1457 1141 ix
1474 1111 1490 1141 ἔ
1509 1107 1529 1154 ij
1550 1108 1583 1143 d.

162 1182 253 1216 Item
274 1183 380 1230 empt'
399 1182 443 1217 de
461 1182 584 1217 eodem
604 1182 626 1229 ij
647 1182 762 1229 lagine
782 1183 816 1230 iij
836 1188 959 1229 quarte
978 1183 1049 1230 vinj
1069 1182 1189 1230 claretj
1211 1196 1222 1217 Ι
1240 1183 1388 1230 pricium
1418 1198 1464 1219 xv
1478 1191 1493 1220 ἔ
1509 1199 1531 1220 x
1549 1186 1583 1221 d.

163 1261 255 1296 Item
276 1261 383 1308 empt’
402 1261 444 1295 de
465 1260 625 1295 Roberto
646 1260 807 1295 Bertoun
827 1274 838 1295 s
857 1261 916 1295 xix
934 1261 1143 1296 Decembris
1171 1274 1182 1296 l
1208 1261 1222 1309 j
1255 1262 1372 1309 lagina
1398 1262 1433 1311 iij
1461 1271 1583 1310 quarte

204 1342 218 1386 j
239 1340 358 1386 pineta
376 1339 446 1386 vinj
467 1339 551 1386 nouj
846 1364 858 1375 .
1162 1367 1172 1376 .
1492 1356 1537 1377 xv
1556 1348 1582 1378 ἔ.

162 1419 251 1453 Item
272 1419 378 1465 empt’
400 1431 407 1453 l
427 1432 475 1452 xx
490 1418 699 1453 Decembris
720 1431 727 1453 l
745 1418 791 1466 iiij
808 1418 951 1466 laginej
971 1419 1092 1466 pineta
1104 1419 1173 1467 vinj
1188 1419 1306 1467 claretj
1323 1419 1406 1467 nouj
1431 1421 1539 1468 xxxiij
1555 1426 1581 1456 ἔ.

163 1497 251 1531 Item
272 1497 378 1544 empt’
397 1496 443 1544 iiij
464 1496 607 1544 laginej
627 1497 777 1544 quartaj
797 1497 918 1544 pineta
936 1497 1020 1544 dietj
1040 1497 1111 1544 vinj
1274 1523 1283 1532 .
1442 1513 1536 1534 xxxv
1555 1504 1580 1534 ἔ.

160 1575 251 1610 Item
271 1576 376 1623 empt'
396 1575 438 1610 de
456 1574 586 1611 Joneta
605 1574 744 1609 Froster
764 1588 775 1609 s
794 1575 882 1623 xxij⁰
903 1575 1110 1610 Decembris
1130 1589 1141 1610 s
1162 1576 1183 1624 ij
1204 1581 1327 1623 quarte
1346 1576 1417 1624 vinj
1486 1578 1532 1624 iiij
1553 1583 1577 1613 ἔ.

159 1654 248 1688 Item
269 1666 332 1700 per
352 1653 600 1688 Rotulatorem
620 1653 663 1687 de
683 1653 843 1688 Roberto
864 1653 1024 1689 Bertoun
1043 1654 1064 1702 ij
1084 1660 1207 1701 quarte
1226 1655 1296 1702 vinj
1319 1654 1479 1690 Rinenfis
1505 1656 1537 1704 vj
1552 1661 1577 1691 ἔ.

158 1732 277 1779 Itemj
297 1732 418 1779 pineta
435 1731 518 1779 dietj
540 1731 610 1778 vinj
632 1745 643 1766 s
661 1732 809 1778 pricium
1058 1759 1066 1768 .
1289 1759 1296 1767 .
1508 1734 1530 1781 ij
1551 1739 1575 1768 ἔ.

157 1811 247 1845 Item
268 1811 373 1858 empt'
392 1810 434 1845 de
455 1809 616 1845 Roberto
636 1809 797 1844 Bertoun
817 1823 828 1845 l
847 1810 943 1858 xxiiij
965 1810 1172 1846 Decembris
1192 1825 1203 1846 s
1223 1811 1269 1859 iiij
1289 1811 1432 1859 laginej
1457 1813 1576 1859 pineta

202 1889 273 1936 vinj
519 1914 528 1923 .
774 1914 782 1923 .
1029 1915 1037 1923 .
1236 1914 1244 1924 .
1419 1891 1527 1938 xxxiij
1547 1896 1572 1926 ἔ.

155 1968 247 2002 Item
267 1966 398 2014 empt’j
419 1966 536 2013 lagina
553 1966 624 2013 vinj
645 1966 762 2013 claretj
962 1993 970 2001 .
1240 1993 1248 2001 .
1467 1969 1526 2016 viij
1546 1975 1570 2005 Ξ.

152 2047 243 2082 Item
264 2046 370 2092 empt'
389 2044 432 2078 de
451 2043 584 2079 Jacobo
606 2043 851 2079 Robertsoune
871 2050 1110 2079 commorante
1128 2046 1165 2079 in
1184 2045 1378 2093 Linlithqw
1399 2046 1433 2094 iij
1456 2047 1571 2094 lagine

200 2124 233 2171 iij
254 2128 376 2170 quarte
395 2122 465 2169 vinj
486 2121 604 2168 claretj
626 2135 638 2156 l
657 2122 802 2169 pricium
823 2123 943 2169 pincte
962 2123 1007 2170 xij
1026 2123 1050 2158 d
1069 2136 1081 2158 l
1099 2135 1235 2158 summa
1334 2150 1341 2158 .
1455 2138 1525 2159 xxx
1544 2130 1568 2160 ἔ.

151 2204 242 2238 Item
261 2203 368 2250 empt'
387 2202 430 2236 de
451 2201 610 2236 Roberto
630 2200 811 2235 Bertoune
831 2213 914 2248 erga
930 2200 1164 2248 prouifionem
1190 2201 1325 2236 Natalis
1354 2201 1500 2249 Dominj
1520 2204 1566 2251 iiij

196 2279 404 2328 pounfiones
411 2280 481 2328 vinj
499 2279 617 2327 claretj
626 2279 739 2315 locate
746 2280 782 2315 in
790 2279 1425 2328 monasterioSanc'teCrucisspricium
1442 2283 1522 2328 xxvj
1530 2283 1565 2316 ii.
