1861 2703
189 226 292 262 1526.
670 220 825 256 REGIS
852 220 1040 257 JACOBI
1068 222 1113 255 v.
1537 226 1603 257 105

186 335 280 357 mum
298 320 384 368 Maij
398 317 569 356 exclufiue
585 332 596 353 l
611 320 669 366 quj
683 318 762 353 sunt
773 318 895 364 vigintj
913 323 948 352 et
960 317 1030 352 duo
1049 318 1121 352 dies
1141 331 1152 351 s
1172 317 1386 365 capientibus
1405 319 1440 352 in
1458 319 1578 353 auenis
1592 332 1603 352 s

186 401 266 434 feno
285 412 297 432 1
316 403 351 433 et
368 410 457 445 pane
476 397 603 443 equino
624 409 635 430 1
655 395 871 443 capientibus
888 408 911 429 x
929 400 943 429 ἔ
962 396 997 429 in
1023 395 1129 429 nocte
1150 408 1161 429 s
1181 407 1317 430 summa
1335 396 1368 443 xj
1388 397 1412 431 ii
1441 409 1452 429 l
1481 396 1528 431 Et
1546 409 1604 430 ex-

184 478 263 522 pen'
282 476 382 523 super
401 475 475 522 iiijor
494 475 590 521 equis
604 474 759 521 Magistrj
775 473 907 521 Stabulj
929 487 940 508 l
960 474 1016 508 sex
1037 474 1132 520 equis
1152 473 1375 509 Seruitorum
1395 474 1526 522 Stabulj
1549 487 1561 508 l
1580 475 1602 520 ij

184 554 312 601 Patricj
332 553 538 588 Donaldson
559 567 569 587 s
588 553 610 600 ij
633 553 780 599 Robertj
802 552 874 586 Gib
894 569 904 586 ι
925 552 1035 586 tribus
1054 552 1182 599 Clericj
1199 552 1455 600 Compotorum
1476 566 1487 587 l
1507 554 1605 599 quin-

182 644 248 677 que
265 633 361 678 equis
380 632 656 667 Senescallorum
678 632 786 678 Regis
798 636 832 666 et
847 630 1028 677 Domicilij
1049 647 1060 664 ι
1080 631 1101 677 ij
1123 629 1303 677 Willielmj
1320 630 1412 665 Wod
1431 644 1443 666 l
1463 631 1483 678 ij
1508 631 1605 665 Hen-

182 710 242 757 ricj
265 710 397 757 Kempt
416 724 428 744 s
449 711 470 757 ij
494 710 659 756 Hugonis
677 708 909 745 Johnnesoun
924 708 1094 755 archicocj
1112 708 1221 754 Regis
1240 725 1251 741 ι
1271 721 1310 743 ac
1325 710 1421 755 equis
1434 709 1605 745 Johannis

185 787 333 834 Murray
353 805 363 822 κ
385 788 482 835 Paulj
512 788 697 823 Galbraith
718 800 730 821 l
748 787 920 822 Johannis
954 786 1107 820 Mfcrere
1138 787 1223 833 fatuj
1244 799 1256 820 l
1287 786 1458 821 Johannis
1486 787 1605 834 Bayne

183 866 215 900 le
234 866 470 913 sumpterman
498 879 509 899 s
538 866 805 900 Abbreuiatoris
825 865 1082 911 Compotorum
1102 877 1113 898 t
1134 864 1261 911 Clericj
1291 864 1438 912 DominJ
1460 866 1608 900 Rotula-

181 944 267 977 toris
286 956 298 977 l
316 943 488 979 Johannis
508 942 715 977 Donaldson
728 943 764 977 in
782 943 901 977 aueria
916 955 927 976 l
942 942 1044 989 Fabrj
1065 955 1078 978 l
1099 941 1257 990 Magistrj
1277 942 1398 990 Jacobj
1422 943 1577 978 Haswell
1596 957 1606 977 l

181 1034 320 1056 necnon
335 1021 471 1056 duobus
483 1022 578 1067 equis
589 1034 653 1068 pro
665 1021 803 1056 botellis
822 1026 856 1056 et
873 1020 999 1055 balistis
1014 1020 1186 1067 gestandis
1201 1034 1212 1055 t
1229 1021 1286 1068 quj
1307 1020 1386 1056 sunt
1404 1022 1438 1056 In
1457 1035 1607 1057 numero

181 1099 288 1133 xxxix
307 1101 384 1146 equj
407 1112 418 1133 t
437 1100 702 1134 remanentibus
720 1113 740 1133 a
758 1099 854 1134 dieto
873 1099 928 1133 die
948 1111 1043 1133 nono
1064 1099 1199 1146 Aprilis
1217 1098 1322 1145 viilue
1345 1100 1498 1147 primum
1519 1100 1605 1147 Maij

182 1176 354 1212 cxclufiue
388 1190 400 1211 t
427 1177 483 1225 quj
514 1176 594 1211 sunt
624 1177 694 1224 xxij
728 1178 800 1212 dies
833 1191 844 1211 s
877 1177 1094 1225 capientibus
1125 1178 1161 1211 in
1192 1178 1314 1212 auenis
1344 1184 1379 1213 et
1408 1179 1519 1226 gagijs
1537 1179 1606 1226 fenj

181 1256 289 1289 xxxix
307 1260 322 1290 ἔ
340 1256 376 1290 in
395 1256 450 1290 die
483 1269 494 1290 t
530 1268 667 1290 summa
684 1256 744 1303 xlij
764 1256 789 1290 ii
807 1255 890 1302 xviij
910 1260 925 1290 ἔ
953 1268 964 1289 s
994 1256 1084 1290 Item
1116 1254 1218 1302 super
1235 1268 1307 1290 vno
1335 1269 1425 1303 equo
1457 1256 1604 1304 Dominj

184 1334 293 1379 Regis
311 1333 441 1368 donato
457 1333 588 1380 Coniitj
606 1333 761 1379 Angufie
780 1339 984 1368 remanente
1002 1346 1064 1381 per
1083 1333 1165 1368 octo
1185 1334 1257 1369 dies
1275 1334 1311 1368 in
1329 1335 1450 1369 auenis
1469 1348 1481 1370 l
1499 1335 1581 1370 feno
1596 1349 1608 1369 l

182 1418 217 1445 et
234 1423 324 1458 pane
343 1412 471 1457 equino
490 1411 581 1445 infra
600 1412 734 1446 dictum
753 1417 892 1459 tempus
910 1425 932 1446 x
950 1418 965 1447 'S‘
982 1412 1040 1460 viij
1060 1413 1084 1448 d
1111 1426 1122 1447 J
1151 1412 1198 1447 Et
1226 1412 1329 1460 super
1357 1413 1495 1448 duobus
1513 1415 1609 1460 equis

184 1489 302 1536 Colinj
325 1489 508 1536 Campbell
528 1490 571 1524 de
590 1490 755 1524 mandato
775 1490 921 1538 Dominj
939 1491 1047 1538 Regis
1066 1491 1328 1526 remanentibus
1346 1492 1382 1527 in
1402 1492 1610 1539 Edinburgh

183 1580 244 1614 per
263 1567 383 1602 decem
403 1567 475 1602 dies
494 1568 584 1602 infra
602 1567 696 1603 hunc
714 1574 920 1616 compotum
939 1583 951 1604 s
971 1570 1187 1617 capientibus
1205 1570 1240 1605 in
1257 1571 1378 1606 auenis
1397 1576 1432 1606 et
1449 1571 1530 1606 feno
1548 1584 1611 1619 per

183 1645 272 1679 idem
292 1650 430 1693 tempus
448 1659 495 1680 xx
515 1650 542 1681 ἔ.

574 1725 719 1759 Summa
737 1725 884 1772 pecunie
902 1725 938 1761 lv
956 1726 980 1761 ii
1000 1726 1057 1773 viij
1077 1730 1092 1761 ἔ
1111 1726 1168 1773 viij
1188 1727 1223 1761 d.

235 1880 359 1915 Primo
375 1880 472 1915 MA11
493 1894 504 1915 l
522 1881 622 1928 Rege
636 1887 841 1917 remanente
853 1883 889 1916 in
902 1882 1111 1929 Edinburgh
1125 1896 1136 1917 l
1151 1884 1315 1930 [expen’]
1327 1883 1430 1930 super
1441 1882 1499 1918 sex
1513 1885 1610 1931 equis

187 1958 331 2005 Dominj
357 1958 465 2005 Regis
491 1960 751 1994 remanentibus
776 1960 905 1994 ibidem
924 1973 945 1995 a
963 1961 1058 1995 dieto
1077 1961 1132 1995 die
1151 1960 1317 1996 inclufiue
1335 1961 1439 2008 vsque
1457 1963 1608 2009 primum

185 2036 206 2072 J
210 2036 281 2083 unij
303 2036 475 2071 exclufiue
495 2050 506 2071 l
530 2039 588 2084 quj
609 2037 688 2071 suut
707 2038 853 2084 triginta
883 2044 917 2072 et
936 2051 1004 2072 vna
1022 2038 1095 2073 dies
1113 2051 1125 2073 l
1145 2039 1361 2086 capientibus
1378 2052 1443 2087 pro
1461 2041 1581 2075 auenis
1597 2055 1607 2074 l

185 2116 266 2148 feno
299 2128 309 2148 s
340 2120 374 2149 et
403 2127 492 2161 pane
526 2115 654 2161 equino
673 2129 696 2149 x
713 2119 728 2150 ἓ
745 2116 782 2150 in
801 2116 908 2150 noc'te
940 2129 952 2150 l
982 2129 1118 2151 summa
1136 2130 1181 2152 xv
1198 2118 1223 2152 ii
1241 2130 1264 2152 x
1282 2121 1297 2152 ἔ
1323 2131 1335 2152 l
1363 2118 1456 2153 Item
1485 2121 1609 2166 expen’

185 2193 286 2240 super
303 2193 379 2240 iiijor
400 2194 495 2239 equis
516 2193 672 2241 Magistrj
690 2193 822 2241 Stabulj
845 2211 854 2227 s
875 2194 931 2229 sex
950 2195 1046 2241 equis
1065 2196 1286 2231 Seruitorum
1305 2196 1439 2244 Stabulj
1453 2198 1516 2243 vi3.
1538 2197 1609 2232 Ro-

185 2272 272 2318 bertj
294 2271 440 2307 Purwes
460 2285 470 2306 s
492 2271 666 2308 Johannis
687 2272 832 2308 Purwes
845 2286 857 2307 s
877 2272 1054 2321 Willielmj
1071 2273 1258 2309 Galbraith
1274 2288 1285 2309 s
1299 2274 1445 2310 Andree
1462 2274 1609 2311 Michel-

890 2364 910 2385 O
