<?xml version="1.0" encoding="UTF-8"?>
<!DOCTYPE html PUBLIC "-//W3C//DTD XHTML 1.0 Transitional//EN"
    "http://www.w3.org/TR/xhtml1/DTD/xhtml1-transitional.dtd">
<html xmlns="http://www.w3.org/1999/xhtml" xml:lang="en" lang="en">
 <head>
  <title>
</title>
<meta http-equiv="Content-Type" content="text/html;charset=utf-8" />
  <meta name='ocr-system' content='tesseract 3.04.00' />
  <meta name='ocr-capabilities' content='ocr_page ocr_carea ocr_par ocr_line ocrx_word'/>
</head>
<body>
  <div class='ocr_page' id='page_1' title='image "./excerptaelibrisd00bann_0148.png"; bbox 0 0 1861 2703; ppageno 0'>
   <div class='ocr_carea' id='block_1_1' title="bbox 272 226 1687 448">
    <p class='ocr_par' dir='ltr' id='par_1_1' title="bbox 272 226 1687 448">
     <span class='ocr_line' id='line_1_1' title="bbox 278 226 1683 263; baseline 0 -2"><span class='ocrx_word' id='word_1_1' title='bbox 278 232 345 262; x_wconf 80' lang='lat'>110</span> <span class='ocrx_word' id='word_1_2' title='bbox 733 227 891 262; x_wconf 86' lang='lat' dir='ltr'>LIBER</span> <span class='ocrx_word' id='word_1_3' title='bbox 918 226 1211 263; x_wconf 82' lang='lat' dir='ltr'>DOMICILH.</span> <span class='ocrx_word' id='word_1_4' title='bbox 1579 230 1683 263; x_wconf 67' lang='lat'>1526.</span> 
     </span>
     <span class='ocr_line' id='line_1_2' title="bbox 272 322 1687 371; baseline 0 -14"><span class='ocrx_word' id='word_1_5' title='bbox 272 325 325 358; x_wconf 76' lang='lat' dir='ltr'>nis</span> <span class='ocrx_word' id='word_1_6' title='bbox 344 322 576 357; x_wconf 86' lang='lat' dir='ltr'>Donaldsoun</span> <span class='ocrx_word' id='word_1_7' title='bbox 594 330 798 358; x_wconf 86' lang='lat' dir='ltr'>remanente</span> <span class='ocrx_word' id='word_1_8' title='bbox 817 325 855 358; x_wconf 90' lang='lat' dir='ltr'>in</span> <span class='ocrx_word' id='word_1_9' title='bbox 875 324 1081 371; x_wconf 81' lang='lat' dir='ltr'>Edinburgh</span> <span class='ocrx_word' id='word_1_10' title='bbox 1100 338 1120 359; x_wconf 82' lang='lat' dir='ltr'>a</span> <span class='ocrx_word' id='word_1_11' title='bbox 1138 324 1237 370; x_wconf 85' lang='lat' dir='ltr'><strong>xviij⁰</strong></span> <span class='ocrx_word' id='word_1_12' title='bbox 1254 323 1338 370; x_wconf 83' lang='lat' dir='ltr'>Julij</span> <span class='ocrx_word' id='word_1_13' title='bbox 1359 323 1462 369; x_wconf 81' lang='lat' dir='ltr'><strong>vsque</strong></span> <span class='ocrx_word' id='word_1_14' title='bbox 1481 324 1585 357; x_wconf 77' lang='lat' dir='ltr'>xxixm</span> <span class='ocrx_word' id='word_1_15' title='bbox 1604 323 1687 357; x_wconf 78' lang='lat' dir='ltr'>eius-</span> 
     </span>
     <span class='ocr_line' id='line_1_3' title="bbox 275 400 1127 448; baseline 0.001 -15"><span class='ocrx_word' id='word_1_16' title='bbox 275 402 352 434; x_wconf 75' lang='lat' dir='ltr'>dem</span> <span class='ocrx_word' id='word_1_17' title='bbox 371 402 405 433; x_wconf 84' lang='lat' dir='ltr'>in</span> <span class='ocrx_word' id='word_1_18' title='bbox 425 400 544 434; x_wconf 84' lang='lat' dir='ltr'>auenis</span> <span class='ocrx_word' id='word_1_19' title='bbox 563 405 598 434; x_wconf 88' lang='lat' dir='ltr'>et</span> <span class='ocrx_word' id='word_1_20' title='bbox 615 400 696 434; x_wconf 86' lang='lat' dir='ltr'><strong>feno</strong></span> <span class='ocrx_word' id='word_1_21' title='bbox 715 413 778 447; x_wconf 86' lang='lat' dir='ltr'>per</span> <span class='ocrx_word' id='word_1_22' title='bbox 797 401 889 436; x_wconf 84' lang='lat' dir='ltr'><strong>idem</strong></span> <span class='ocrx_word' id='word_1_23' title='bbox 908 407 1045 448; x_wconf 80' lang='lat' dir='ltr'>tempus</span> <span class='ocrx_word' id='word_1_24' title='bbox 1063 414 1083 435; x_wconf 85' lang='lat' dir='ltr'>v</span> <span class='ocrx_word' id='word_1_25' title='bbox 1102 406 1127 436; x_wconf 74' lang='grc' dir='ltr'>ἔ.</span> 
     </span>
    </p>
   </div>
   <div class='ocr_carea' id='block_1_2' title="bbox 779 478 1179 524">
    <p class='ocr_par' dir='ltr' id='par_1_2' title="bbox 779 478 1179 524">
     <span class='ocr_line' id='line_1_4' title="bbox 779 478 1179 524; baseline -0.005 -12"><span class='ocrx_word' id='word_1_26' title='bbox 779 478 922 512; x_wconf 84' lang='lat' dir='ltr'>Summa</span> <span class='ocrx_word' id='word_1_27' title='bbox 938 479 1085 524; x_wconf 84' lang='lat' dir='ltr'>pecunie</span> <span class='ocrx_word' id='word_1_28' title='bbox 1104 491 1126 511; x_wconf 81' lang='lat' dir='ltr'>x</span> <span class='ocrx_word' id='word_1_29' title='bbox 1144 479 1179 512; x_wconf 71' lang='lat' dir='ltr'>ii.</span> 
     </span>
    </p>
   </div>
   <div class='ocr_carea' id='block_1_3' title="bbox 507 553 1459 600">
    <p class='ocr_par' dir='ltr' id='par_1_3' title="bbox 507 553 1459 600">
     <span class='ocr_line' id='line_1_5' title="bbox 507 553 1459 600; baseline -0.001 -13"><span class='ocrx_word' id='word_1_30' title='bbox 507 553 649 587; x_wconf 85' lang='lat' dir='ltr'>Summa</span> <span class='ocrx_word' id='word_1_31' title='bbox 668 554 726 587; x_wconf 85' lang='lat' dir='ltr'>xix</span> <span class='ocrx_word' id='word_1_32' title='bbox 744 555 767 588; x_wconf 68' lang='lat' dir='ltr'>ii</span> <span class='ocrx_word' id='word_1_33' title='bbox 786 554 830 600; x_wconf 85' lang='lat' dir='ltr'>vij</span> <span class='ocrx_word' id='word_1_34' title='bbox 852 559 866 590; x_wconf 72' lang='grc' dir='ltr'>’ς</span> <span class='ocrx_word' id='word_1_35' title='bbox 885 556 917 600; x_wconf 87' lang='lat' dir='ltr'>vj</span> <span class='ocrx_word' id='word_1_36' title='bbox 937 554 961 589; x_wconf 84' lang='lat' dir='ltr'>d</span> <span class='ocrx_word' id='word_1_37' title='bbox 978 554 1077 588; x_wconf 86' lang='lat' dir='ltr'>solut’</span> <span class='ocrx_word' id='word_1_38' title='bbox 1098 566 1160 600; x_wconf 84' lang='lat' dir='ltr'>per</span> <span class='ocrx_word' id='word_1_39' title='bbox 1178 553 1459 588; x_wconf 80' lang='lat' dir='ltr'>Thesaurarium.</span> 
     </span>
    </p>
   </div>
   <div class='ocr_carea' id='block_1_4' title="bbox 275 704 1693 909">
    <p class='ocr_par' dir='ltr' id='par_1_4' title="bbox 275 704 1693 909">
     <span class='ocr_line' id='line_1_6' title="bbox 323 704 1690 751; baseline -0.003 -10"><span class='ocrx_word' id='word_1_40' title='bbox 323 708 613 743; x_wconf 61' lang='lat' dir='ltr'>Mamommnum</span> <span class='ocrx_word' id='word_1_41' title='bbox 635 725 643 742; x_wconf 86' lang='lat' dir='ltr'><em>l</em></span> <span class='ocrx_word' id='word_1_42' title='bbox 666 707 792 743; x_wconf 81' lang='lat' dir='ltr'>Intrat&#39;</span> <span class='ocrx_word' id='word_1_43' title='bbox 811 709 847 742; x_wconf 88' lang='lat' dir='ltr'>in</span> <span class='ocrx_word' id='word_1_44' title='bbox 867 708 968 742; x_wconf 66' lang='lat' dir='ltr'>diffis</span> <span class='ocrx_word' id='word_1_45' title='bbox 989 708 1104 742; x_wconf 88' lang='lat' dir='ltr'>Libris</span> <span class='ocrx_word' id='word_1_46' title='bbox 1122 708 1221 742; x_wconf 77' lang='lat' dir='ltr'>firme</span> <span class='ocrx_word' id='word_1_47' title='bbox 1236 707 1278 740; x_wconf 88' lang='lat' dir='ltr'>de</span> <span class='ocrx_word' id='word_1_48' title='bbox 1291 705 1360 740; x_wconf 85' lang='lat' dir='ltr'>Fiff</span> <span class='ocrx_word' id='word_1_49' title='bbox 1375 722 1385 738; x_wconf 84' lang='lat' dir='ltr'><em>l</em></span> <span class='ocrx_word' id='word_1_50' title='bbox 1406 712 1439 739; x_wconf 79' lang='lat' dir='ltr'>et</span> <span class='ocrx_word' id='word_1_51' title='bbox 1455 706 1577 751; x_wconf 87' lang='lat' dir='ltr'>expen&#39;</span> <span class='ocrx_word' id='word_1_52' title='bbox 1591 704 1690 751; x_wconf 85' lang='lat' dir='ltr'>super</span> 
     </span>
     <span class='ocr_line' id='line_1_7' title="bbox 275 782 1689 833; baseline -0.004 -13"><span class='ocrx_word' id='word_1_53' title='bbox 275 786 372 831; x_wconf 76' lang='lat' dir='ltr'><strong>equis</strong></span> <span class='ocrx_word' id='word_1_54' title='bbox 390 786 539 831; x_wconf 84' lang='lat' dir='ltr'>Dominj</span> <span class='ocrx_word' id='word_1_55' title='bbox 558 784 666 831; x_wconf 80' lang='lat' dir='ltr'>Regis</span> <span class='ocrx_word' id='word_1_56' title='bbox 684 792 718 819; x_wconf 81' lang='lat' dir='ltr'>et</span> <span class='ocrx_word' id='word_1_57' title='bbox 733 785 878 820; x_wconf 80' lang='lat' dir='ltr'>Familie</span> <span class='ocrx_word' id='word_1_58' title='bbox 896 798 958 833; x_wconf 84' lang='lat' dir='ltr'>per</span> <span class='ocrx_word' id='word_1_59' title='bbox 976 791 1114 832; x_wconf 85' lang='lat' dir='ltr'>tempus</span> <span class='ocrx_word' id='word_1_60' title='bbox 1133 782 1285 831; x_wconf 86' lang='lat' dir='ltr'>elapsum</span> <span class='ocrx_word' id='word_1_61' title='bbox 1304 783 1490 817; x_wconf 82' lang='lat' dir='ltr'>extenden&#39;</span> <span class='ocrx_word' id='word_1_62' title='bbox 1508 782 1552 816; x_wconf 79' lang='lat' dir='ltr'>ad</span> <span class='ocrx_word' id='word_1_63' title='bbox 1569 782 1689 828; x_wconf 74' lang='lat' dir='ltr'>xxxvij</span> 
     </span>
     <span class='ocr_line' id='line_1_8' title="bbox 277 859 1693 909; baseline -0.004 -12"><span class='ocrx_word' id='word_1_64' title='bbox 277 863 409 897; x_wconf 78' lang='lat' dir='ltr'>celdras</span> <span class='ocrx_word' id='word_1_65' title='bbox 436 863 469 908; x_wconf 89' lang='lat' dir='ltr'>iij</span> <span class='ocrx_word' id='word_1_66' title='bbox 498 862 605 896; x_wconf 81' lang='lat' dir='ltr'>bonas</span> <span class='ocrx_word' id='word_1_67' title='bbox 634 863 669 909; x_wconf 87' lang='lat' dir='ltr'>iij</span> <span class='ocrx_word' id='word_1_68' title='bbox 702 862 834 897; x_wconf 69' lang='lat' dir='ltr'>firlotas</span> <span class='ocrx_word' id='word_1_69' title='bbox 863 875 1055 897; x_wconf 85' lang='lat' dir='ltr'>auenarum</span> <span class='ocrx_word' id='word_1_70' title='bbox 1076 876 1087 896; x_wconf 84' lang='lat' dir='ltr'><em>l</em></span> <span class='ocrx_word' id='word_1_71' title='bbox 1107 862 1150 896; x_wconf 90' lang='lat' dir='ltr'>de</span> <span class='ocrx_word' id='word_1_72' title='bbox 1168 860 1293 907; x_wconf 80' lang='lat' dir='ltr'>quibus</span> <span class='ocrx_word' id='word_1_73' title='bbox 1315 860 1419 906; x_wconf 85' lang='lat' dir='ltr'>empt&#39;</span> <span class='ocrx_word' id='word_1_74' title='bbox 1450 865 1484 893; x_wconf 85' lang='lat' dir='ltr'>et</span> <span class='ocrx_word' id='word_1_75' title='bbox 1514 859 1613 893; x_wconf 87' lang='lat' dir='ltr'>solut’</span> <span class='ocrx_word' id='word_1_76' title='bbox 1630 871 1693 904; x_wconf 80' lang='lat' dir='ltr'>per</span> 
     </span>
    </p>
   </div>
   <div class='ocr_carea' id='block_1_5' title="bbox 278 936 1690 987">
    <p class='ocr_par' dir='ltr' id='par_1_5' title="bbox 278 936 1690 987">
     <span class='ocr_line' id='line_1_9' title="bbox 278 936 1690 987; baseline -0.004 -13"><span class='ocrx_word' id='word_1_77' title='bbox 278 940 527 975; x_wconf 82' lang='lat' dir='ltr'>Rotulatorem</span> <span class='ocrx_word' id='word_1_78' title='bbox 560 940 593 985; x_wconf 85' lang='lat' dir='ltr'>vj</span> <span class='ocrx_word' id='word_1_79' title='bbox 625 939 741 974; x_wconf 84' lang='lat' dir='ltr'>celdre</span> <span class='ocrx_word' id='word_1_80' title='bbox 770 940 814 986; x_wconf 76' lang='lat' dir='ltr'>vij</span> <span class='ocrx_word' id='word_1_81' title='bbox 841 939 933 974; x_wconf 84' lang='lat' dir='ltr'>bolle</span> <span class='ocrx_word' id='word_1_82' title='bbox 959 943 972 987; x_wconf 83' lang='lat' dir='ltr'>j</span> <span class='ocrx_word' id='word_1_83' title='bbox 1006 952 1111 986; x_wconf 83' lang='lat' dir='ltr'>pecca</span> <span class='ocrx_word' id='word_1_84' title='bbox 1139 950 1329 973; x_wconf 82' lang='lat' dir='ltr'><strong>auenarum</strong></span> <span class='ocrx_word' id='word_1_85' title='bbox 1350 951 1361 971; x_wconf 77' lang='lat' dir='ltr'><em>s</em></span> <span class='ocrx_word' id='word_1_86' title='bbox 1380 938 1473 984; x_wconf 86' lang='lat' dir='ltr'>price</span> <span class='ocrx_word' id='word_1_87' title='bbox 1496 936 1589 970; x_wconf 89' lang='lat' dir='ltr'>bolle</span> <span class='ocrx_word' id='word_1_88' title='bbox 1607 949 1629 970; x_wconf 74' lang='lat' dir='ltr'><strong>v</strong></span> <span class='ocrx_word' id='word_1_89' title='bbox 1647 941 1690 970; x_wconf 69' lang='grc' dir='ltr'>ἐκ</span> 
     </span>
    </p>
   </div>
   <div class='ocr_carea' id='block_1_6' title="bbox 277 1018 751 1063">
    <p class='ocr_par' dir='ltr' id='par_1_6' title="bbox 277 1018 751 1063">
     <span class='ocr_line' id='line_1_10' title="bbox 277 1018 751 1063; baseline 0 -12"><span class='ocrx_word' id='word_1_90' title='bbox 277 1031 411 1052; x_wconf 79' lang='lat' dir='ltr'>summa</span> <span class='ocrx_word' id='word_1_91' title='bbox 429 1031 498 1051; x_wconf 87' lang='lat' dir='ltr'>xxv</span> <span class='ocrx_word' id='word_1_92' title='bbox 515 1019 539 1052; x_wconf 74' lang='lat' dir='ltr'>fi</span> <span class='ocrx_word' id='word_1_93' title='bbox 558 1030 602 1051; x_wconf 87' lang='lat' dir='ltr'>xv</span> <span class='ocrx_word' id='word_1_94' title='bbox 621 1023 635 1052; x_wconf 74' lang='grc' dir='ltr'>Ξ</span> <span class='ocrx_word' id='word_1_95' title='bbox 653 1018 698 1063; x_wconf 80' lang='lat' dir='ltr'>iiij</span> <span class='ocrx_word' id='word_1_96' title='bbox 718 1019 751 1053; x_wconf 77' lang='lat' dir='ltr'>d.</span> 
     </span>
    </p>
   </div>
   <div class='ocr_carea' id='block_1_7' title="bbox 849 1096 1114 1142">
    <p class='ocr_par' dir='ltr' id='par_1_7' title="bbox 849 1096 1114 1142">
     <span class='ocr_line' id='line_1_11' title="bbox 849 1096 1114 1142; baseline 0 -13"><span class='ocrx_word' id='word_1_97' title='bbox 849 1096 992 1129; x_wconf 82' lang='lat' dir='ltr'>Summa</span> <span class='ocrx_word' id='word_1_98' title='bbox 1008 1102 1114 1142; x_wconf 82' lang='lat' dir='ltr'><strong>patet.</strong></span> 
     </span>
    </p>
   </div>
   <div class='ocr_carea' id='block_1_8' title="bbox 378 1247 1595 1297">
    <p class='ocr_par' dir='ltr' id='par_1_8' title="bbox 378 1247 1595 1297">
     <span class='ocr_line' id='line_1_12' title="bbox 378 1247 1595 1297; baseline -0.002 -14"><span class='ocrx_word' id='word_1_99' title='bbox 378 1252 519 1284; x_wconf 70' lang='lat' dir='ltr'>‚Summa</span> <span class='ocrx_word' id='word_1_100' title='bbox 537 1250 653 1284; x_wconf 75' lang='lat' dir='ltr'><strong>totalis</strong></span> <span class='ocrx_word' id='word_1_101' title='bbox 675 1251 804 1283; x_wconf 70' lang='lat' dir='ltr'>Auerie</span> <span class='ocrx_word' id='word_1_102' title='bbox 824 1262 901 1284; x_wconf 89' lang='lat' dir='ltr'>cum</span> <span class='ocrx_word' id='word_1_103' title='bbox 922 1247 985 1284; x_wconf 59' lang='lat' dir='ltr'>hab</span> <span class='ocrx_word' id='word_1_104' title='bbox 1003 1250 1175 1297; x_wconf 82' lang='lat' dir='ltr'>particula</span> <span class='ocrx_word' id='word_1_105' title='bbox 1187 1255 1218 1284; x_wconf 60' lang='lat' dir='ltr'>vs</span> <span class='ocrx_word' id='word_1_106' title='bbox 1233 1249 1379 1284; x_wconf 72' lang='lat' dir='ltr'>lxxxvii</span> <span class='ocrx_word' id='word_1_107' title='bbox 1397 1249 1454 1294; x_wconf 87' lang='lat' dir='ltr'>viij</span> <span class='ocrx_word' id='word_1_108' title='bbox 1470 1253 1484 1282; x_wconf 72' lang='grc' dir='ltr'>Ξ</span> <span class='ocrx_word' id='word_1_109' title='bbox 1504 1248 1548 1293; x_wconf 75' lang='lat' dir='ltr'>iiij</span> <span class='ocrx_word' id='word_1_110' title='bbox 1561 1249 1595 1282; x_wconf 69' lang='grc' dir='ltr'>(ἶ.</span> 
     </span>
    </p>
   </div>
   <div class='ocr_carea' id='block_1_9' title="bbox 1455 1326 1635 1360">
    <p class='ocr_par' dir='ltr' id='par_1_9' title="bbox 1455 1326 1635 1360">
     <span class='ocr_line' id='line_1_13' title="bbox 1455 1326 1635 1360; baseline 0.006 -1"><span class='ocrx_word' id='word_1_111' title='bbox 1455 1337 1527 1359; x_wconf 75' lang='lat' dir='ltr'>Tenet</span> <span class='ocrx_word' id='word_1_112' title='bbox 1552 1326 1635 1360; x_wconf 73' lang='lat' dir='ltr'>Abd</span> 
     </span>
    </p>
   </div>
  </div>
 </body>
</html>
