1861 2703
173 219 277 251 15228.
661 212 817 248 REGIS
842 213 1031 250 JACOBI
1062 215 1107 250 V.
1517 222 1588 254 ⁶205

170 313 249 347 licet
270 312 290 359 ij
312 311 427 346 celdre
446 311 468 357 ij
488 309 608 357 bollej
628 309 745 344 firlota
774 310 795 357 ij
827 323 932 358 pecce
950 324 1142 347 alienarum
1160 311 1261 348 firme
1290 314 1332 348 de
1364 313 1433 349 Fiff
1456 328 1468 348 l
1497 315 1587 349 Item

168 390 269 424 solut’
286 401 349 436 pro
367 387 495 435 pabulo
513 387 617 421 vnius
635 387 712 434 equj
742 387 889 434 Dominj
912 388 1058 424 Andree
1089 389 1211 425 Hume
1242 391 1400 438 canonicj
1433 392 1476 426 de
1503 391 1588 427 Jed-

168 465 280 510 burgh
299 465 334 499 in
354 464 464 498 decim
484 463 580 497 libris
598 476 618 497 a
637 462 736 498 Festo
756 463 927 499 Omnium
960 466 1170 501 Sanctorum
1201 466 1305 514 vsque
1337 468 1587 504 Inventionem

168 542 295 576 sancio
315 541 439 575 Crucis
470 540 513 574 de
540 540 706 575 mandato
736 540 863 588 Clericj
897 540 1153 588 Compotorum
1174 544 1238 578 xii
1267 556 1278 577 l
1307 543 1398 578 Item
1426 544 1527 578 solut’
1552 546 1589 578 in

164 619 274 666 gagijs
292 619 360 665 fenj
394 619 496 653 diffis
525 619 621 664 equis
650 631 713 665 per
740 619 834 653 idem
863 624 1002 666 tempus
1028 621 1226 667 predictum
1247 622 1292 668 vij
1311 622 1336 657 fi
1355 622 1415 669 xiij
1434 626 1450 657 ἕ
1468 623 1513 669 iiij
1533 624 1557 658 d
1576 636 1587 656 s

168 697 256 731 Item
278 695 378 730 solut’
396 697 433 730 in
451 709 541 743 pane
560 697 689 743 equino
707 697 817 731 tribus
836 698 932 743 equis
952 698 1098 745 Dominj
1122 699 1231 745 Regis
1258 713 1320 746 per
1348 701 1483 735 dictum
1502 706 1588 735 tem-

165 788 229 822 pus
248 788 293 809 xx
314 779 329 809 ἔ
357 788 368 808 l
398 774 489 808 Item
509 774 611 809 solut’
640 787 705 822 pro
724 775 852 821 pabulo
882 775 955 822 xliij
988 789 1159 822 equorum
1189 777 1411 812 familiarium
1440 778 1586 826 Dominj

167 853 276 899 Regis
294 866 356 900 per
375 859 515 900 tempus
540 854 768 900 prescriptum
802 854 837 887 in
868 855 989 888 auenis
1020 860 1054 888 et
1084 856 1194 902 gagijs
1224 856 1293 902 fenj
1326 856 1398 903 xliij
1418 860 1434 890 ἓ
1450 857 1487 891 in
1506 858 1586 892 dies

165 935 308 967 Summa
326 933 398 980 xliij
418 933 443 967 ii
472 946 484 967 l
513 932 604 967 Item
623 933 725 967 solut'
754 934 790 966 in
823 933 933 979 gagijs
959 932 1110 966 duorum
1138 933 1351 968 verletorum
1371 946 1433 982 per
1450 948 1497 968 xv
1515 935 1587 969 dies

164 1012 253 1046 infra
272 1012 338 1046 hoc
356 1017 558 1058 compotum
578 1024 646 1045 xxv
665 1014 691 1044 ἔ.

555 1089 699 1124 Summa
717 1090 865 1136 pecunie
885 1090 945 1124 lxx
962 1090 987 1125 ii
1006 1090 1063 1136 viij
1084 1095 1098 1125 ἔ
1116 1090 1162 1138 iiij
1183 1091 1217 1125 d.

215 1248 340 1282 PRIMO
361 1247 522 1282 Mnizcu.
576 1247 677 1293 Rege
699 1252 903 1282 remanente
922 1248 957 1281 in
977 1246 1187 1293 Edinburgh
1207 1264 1217 1280 s
1238 1248 1363 1295 expen’
1381 1247 1482 1296 super
1500 1251 1583 1298 xxiij

166 1328 262 1372 equis
297 1327 447 1361 eiusdem
475 1339 487 1360 l
514 1325 730 1373 capientibus
764 1324 961 1359 mensuram
999 1325 1175 1372 duplicem
1212 1339 1223 1359 t
1252 1339 1273 1359 a
1302 1326 1418 1373 primo
1455 1327 1582 1376 INIercij

165 1404 269 1450 vsque
301 1405 484 1452 septimum
517 1403 669 1438 eiusdem
699 1402 872 1438 exclufiue
904 1416 915 1437 s
947 1403 1004 1450 quj
1025 1403 1103 1437 sunt
1129 1404 1160 1451 vj
1182 1404 1254 1438 dies
1287 1418 1298 1438 l
1330 1405 1582 1454 capientibusj

164 1483 315 1517 celdram
346 1485 360 1529 j
393 1482 521 1516 bollam
549 1484 563 1528 j
596 1482 748 1516 firlotam
779 1493 972 1516 auenarum
994 1481 1067 1515 lde
1085 1481 1209 1527 quibus
1227 1483 1333 1529 empt'
1360 1483 1394 1530 iij
1424 1484 1517 1519 bolle
1546 1486 1582 1532 iij

164 1561 280 1595 firlote
310 1573 502 1595 alienarum
528 1573 539 1594 s
571 1560 719 1607 pricium
738 1559 830 1594 bolle
849 1559 895 1606 xij
921 1565 936 1594 ἒ
963 1573 974 1593 Ι
1003 1560 1146 1594 Summa
1172 1560 1232 1595 xlv
1254 1566 1270 1595 ἔ
1301 1574 1312 1595 s
1349 1566 1384 1596 et
1409 1561 1583 1597 refiduum

163 1639 327 1674 videlicet
345 1639 404 1685 xiij
437 1638 531 1672 bolle
559 1638 581 1685 ij
613 1638 729 1672 firlote
760 1650 953 1672 auenarum
985 1636 1064 1673 sunt
1091 1638 1133 1672 de
1160 1639 1269 1673 firmis
1288 1639 1330 1674 de
1349 1639 1420 1674 Fiff
1447 1653 1459 1674 l
1491 1640 1583 1675 Item

162 1719 197 1752 in
220 1718 330 1764 gagijs
347 1717 415 1763 fenj
449 1716 552 1751 dietis
570 1728 631 1763 per
658 1715 751 1750 idem
778 1721 916 1763 tempus
943 1715 988 1751 l&
1015 1730 1026 1750 l
1056 1716 1147 1751 Item
1166 1715 1267 1751 solut’
1285 1717 1320 1750 in
1338 1729 1429 1764 pane
1454 1719 1583 1764 equino

161 1795 271 1830 tribus
302 1796 398 1842 equis
426 1794 571 1841 Dominj
606 1793 715 1840 Regis
745 1806 808 1840 per
826 1793 960 1828 dietum
980 1799 1118 1841 tempus
1136 1794 1168 1840 vj
1188 1799 1203 1829 ἕ
1231 1808 1241 1828 s
1272 1794 1362 1829 Item
1392 1795 1492 1829 solut’
1519 1809 1582 1842 pro

159 1873 287 1921 pabulo
315 1873 387 1920 xliij
418 1885 589 1918 equorum
608 1871 829 1906 familiarium
847 1884 910 1918 per
932 1872 1024 1906 idem
1042 1877 1180 1919 tempus
1198 1885 1262 1919 pro
1281 1873 1400 1908 auenis
1419 1879 1453 1908 et
1470 1886 1581 1920 grano

162 1951 320 1998 gramine
339 1950 554 1998 capiencium
574 1949 646 1996 xliij
667 1954 682 1984 ἔ
700 1949 735 1982 in
754 1949 810 1983 die
839 1962 850 1982 s
879 1948 1022 1983 Summa
1040 1950 1086 1996 xij
1105 1949 1130 1983 ii
1148 1950 1229 1997 xviij
1249 1954 1274 1984 ἔ.

355 2029 498 2063 Summa
515 2027 662 2074 pecunie
680 2026 748 2074 xvij
768 2027 792 2061 ii
815 2027 874 2061 xix
891 2032 916 2062 ἔ.

354 2106 498 2141 Summa
515 2104 632 2140 totalis
652 2105 786 2139 Auerie
805 2110 950 2141 onerata
967 2106 1004 2140 in
1023 2106 1200 2153 Compoto
1226 2105 1348 2154 Jacobj
1377 2107 1517 2142 Coluile
1536 2108 1578 2142 de

355 2183 517 2219 Vehiltre
535 2183 581 2230 vjc
599 2196 621 2218 v
638 2184 662 2218 ii
681 2197 704 2218 x
721 2184 762 2230 {j
781 2184 815 2218 d.

1340 2273 1413 2297 Tenet
1433 2263 1528 2298 Abd.

1600 1269 1708 1292 Edinbur
1734 1278 1740 1291 ι
