1861 2703
256 263 277 297 (3
631 299 636 301 ‚
704 261 860 296 LIBER
887 261 1164 297 DOMICILII
1559 267 1663 298 15Q5.

257 358 393 405 pastillis
412 358 445 390 ix
467 368 572 403 panes
592 370 603 390 s
625 356 768 392 Summa
786 357 1012 405 expensarum
1030 364 1081 392 vx*
1099 359 1135 391 ix
1154 369 1260 404 panes
1288 370 1298 390 l
1327 362 1361 391 et
1390 356 1432 392 fic
1451 358 1578 393 restant
1596 358 1665 405 fija)

255 437 290 483 ij‘
309 436 329 481 lj
350 447 465 481 panes.
517 440 834 471 BUTELLARIA.
871 435 989 482 Empt’
1008 435 1042 481 iij
1063 435 1178 469 eeldre
1196 434 1228 481 vj
1248 434 1341 469 bolle
1360 435 1455 482 ordej
1471 448 1533 482 per
1553 435 1666 470 Rotu-

256 513 400 547 latorem
433 517 466 545 et
496 511 629 545 liberat’
658 511 862 558 Mergarete
889 511 1132 546 Johnnestoun
1159 511 1280 546 reli&e
1311 512 1486 557 quondam
1519 512 1665 546 Andree

259 590 506 624 Hammiltoun
525 602 535 622 l
555 589 598 622 de
615 588 739 634 quibus
757 593 1000 635 prouenerunt
1018 589 1054 621 in
1069 587 1209 622 eeruifia
1227 588 1286 635 iiij¹³
1303 589 1418 634 lagine
1433 588 1572 623 eeruifie
1593 603 1604 623 l
1624 590 1666 623 de

201 701 219 703 ,,
256 668 378 713 quibus
396 667 518 713 expen'
537 678 606 699 xxv
625 665 739 711 lagine
759 679 770 699 s
790 671 824 699 et
842 664 883 698 fic
898 664 1024 698 restant
1041 665 1089 711 iij‘
1103 665 1236 699 lxxxxv
1250 665 1365 711 lagine
1384 665 1523 700 ceruifie
1544 680 1554 700 s
1576 666 1666 700 Item

256 746 359 791 empt'
386 757 447 790 per
475 743 721 777 Rotulatorem
749 744 769 790 ij
798 743 914 777 celdre
936 742 950 789 j
981 742 1073 776 bolla
1091 742 1186 789 brafij
1207 743 1300 789 price
1318 743 1410 777 bolle
1427 744 1549 790 vigintj
1568 744 1665 790 solidj

257 823 299 856 de
321 822 477 856 Roberto
498 821 654 855 Bertonn
674 821 716 854 de
736 820 978 854 Ouirbertoun
994 825 1028 854 et
1042 820 1176 854 liberat’
1197 819 1386 853 willielmo
1402 819 1667 866 Cwnynghame

257 901 299 934 de
319 899 485 933 Strabrok
504 898 677 944 brafiatorj
701 911 710 931 ι
731 897 874 932 Summa
891 897 903 930 l
920 898 945 931 fi
957 897 1014 943 viij
1032 903 1046 931 ἔ
1066 910 1076 930 s
1097 897 1139 930 de
1153 896 1277 942 quibus
1292 902 1534 943 prouenerunt
1546 897 1580 931 in
1596 910 1667 931 cer-

256 977 336 1012 uifia
355 978 388 1023 ijc
405 978 513 1010 lxxxx
526 976 640 1022 lagine
655 974 794 1009 eeruifie
814 988 825 1008 s
845 980 879 1009 et
897 974 939 1008 fic
955 974 1081 1009 restant
1096 975 1131 1008 in
1142 979 1218 1008 toto
1230 974 1277 1020 vjc
1290 974 1348 1008 lxv
1367 974 1482 1020 lagine
1501 974 1641 1009 ceruifie
1655 988 1666 1008 l

258 1056 347 1089 Item
367 1056 460 1102 price
478 1054 572 1099 ordej
595 1067 605 1086 s
624 1058 663 1087 ut
683 1053 815 1087 dietum
835 1052 882 1085 est
909 1065 919 1085 s
948 1057 981 1086 et
999 1052 1093 1098 price
1120 1050 1215 1098 brafij
1236 1051 1344 1098 xxxiij
1364 1052 1399 1086 ii.
1453 1059 1666 1094 COQUINA.

258 1134 374 1179 Empt’
393 1133 448 1178 xiij
469 1136 630 1165 mutones
644 1130 676 1177 iij
690 1130 713 1164 ii
734 1130 754 1175 ij
769 1135 784 1165 Ξ
802 1143 823 1163 x
841 1130 864 1164 d
884 1143 894 1163 l
908 1129 922 1175 j
943 1141 1052 1175 agnus
1067 1128 1087 1175 ij
1104 1129 1223 1174 lingue
1238 1128 1355 1175 bouinj
1376 1141 1397 1162 v
1416 1134 1430 1163 ἔ
1449 1142 1460 1162 s
1480 1134 1514 1163 et
1529 1131 1666 1176 expen’!

257 1210 347 1244 Item
367 1211 470 1256 empt’
488 1209 592 1255 xxviij
613 1208 728 1255 pultre
746 1207 816 1254 xiiij
837 1213 851 1242 ἔ
871 1221 881 1240 s
900 1207 957 1253 viij
973 1218 1121 1253 capones
1139 1218 1160 1240 v
1173 1211 1188 1240 ἔ
1206 1219 1217 1239 s
1236 1206 1293 1252 viij
1314 1206 1464 1253 cuniculj
1484 1219 1507 1240 x
1520 1212 1535 1241 ἔ
1552 1207 1609 1254 viij
1622 1208 1666 1242 ds

255 1289 291 1321 lx
310 1300 413 1334 poma
432 1300 442 1320 s
456 1287 484 1333 j⁰
503 1299 569 1320 oua
590 1299 601 1319 l
620 1285 653 1332 iij
674 1291 689 1320 ἔ
707 1285 728 1331 ij
748 1286 771 1320 d
799 1298 809 1318 s
838 1290 872 1319 et
891 1285 1014 1331 expen'
1034 1297 1044 1317 s
1074 1283 1165 1317 Item
1185 1284 1289 1329 empt'
1308 1283 1343 1316 lx
1360 1284 1436 1330 pira
1455 1297 1465 1317 l
1484 1284 1520 1317 in
1539 1284 1666 1319 ordeot

256 1372 289 1399 et
308 1365 451 1411 cenapio
473 1378 483 1397 s
503 1364 583 1410 xviij
603 1364 627 1399 d
647 1377 657 1397 s
677 1369 711 1397 et
730 1364 854 1410 expen'
874 1376 884 1396 l
906 1362 995 1396 Item
1012 1362 1117 1408 empt’
1132 1361 1176 1408 vij
1193 1366 1291 1408 petre
1306 1361 1339 1395 ix
1354 1360 1440 1395 libre
1454 1361 1557 1408 butirj
1573 1363 1667 1408 price

255 1445 266 1477 l
282 1449 295 1478 Ξ
313 1456 334 1477 v
348 1443 371 1477 d
391 1456 400 1476 l
421 1447 455 1476 et
473 1443 595 1488 expen'
615 1440 809 1475 successiue.

729 1518 871 1552 Summa
883 1518 911 1564 jc
930 1517 962 1551 xl
982 1518 1005 1552 ii
1024 1518 1057 1563 xj
1078 1522 1092 1552 ἔ
1110 1517 1142 1562 xj
1162 1517 1195 1551 d.

305 1683 387 1712 DIE
416 1681 591 1711 MARTIS
619 1674 689 1708 xxii
720 1673 875 1719 Augusti.
928 1679 1179 1709 PANETRIA.
1216 1672 1273 1706 De
1296 1673 1495 1719 preintratis
1515 1686 1525 1706 Ι
1545 1675 1667 1720 expen'

257 1755 292 1787 in
325 1753 498 1786 dominico
527 1752 572 1797 vij
603 1763 709 1798 panes
737 1764 747 1784 s
775 1751 817 1784 de
845 1750 996 1785 seeundo
1020 1751 1048 1797 j⁰
1075 1750 1174 1796 lxxxj
1194 1762 1299 1796 panes
1328 1763 1338 1783 s
1367 1749 1457 1784 Item
1482 1752 1605 1797 expen'
1631 1751 1667 1783 in

256 1830 394 1877 pastillis
423 1829 481 1875 xxj
510 1841 615 1875 panes
643 1842 653 1861 s
684 1828 827 1862 Summa
848 1828 876 1874 j
906 1834 956 1862 vxx
988 1829 1022 1862 ix
1054 1840 1159 1874 panes
1187 1841 1198 1861 s
1226 1832 1260 1861 et
1289 1826 1332 1861 fic
1362 1827 1488 1861 restant
1518 1828 1587 1874 iij<D
1604 1828 1665 1874 lxij

258 1920 373 1954 panes-
428 1912 737 1941 BUTELLARIA.
775 1905 832 1939 De
851 1904 990 1939 ceruifia
1007 1906 1198 1952 preintrata
1217 1918 1228 1938 t
1248 1906 1370 1951 expen’
1389 1904 1448 1950 xlij
1465 1904 1579 1950 lagine
1598 1917 1668 1938 cer-

257 1983 336 2018 uifie
366 1998 375 2017 s
405 1990 437 2017 et
468 1983 511 2017 sle
543 1983 668 2017 restant
700 1984 744 2029 vjc
775 1983 858 2029 xxiij
892 1983 1006 2029 lagine
1037 1981 1189 2017 ceruifie.
1251 1989 1464 2025 COQUINA.
1511 1981 1627 2029 Empt'
1646 1981 1666 2027 ij

257 2068 367 2095 mei-te
386 2061 542 2095 herbales
561 2061 593 2107 iij
613 2061 637 2095 Ῐί
658 2074 668 2094 t
688 2073 761 2095 xxx
780 2066 966 2095 mutounes
985 2061 1029 2107 vij
1048 2061 1073 2095 li
1102 2074 1112 2094 s
1140 2060 1182 2094 de
1213 2060 1336 2106 quibus
1365 2061 1488 2107 expen'
1515 2072 1562 2094 xx
1594 2071 1668 2093 mu-

258 2145 383 2172 tounes
402 2139 421 2184 ij
443 2144 563 2184 quarte
592 2152 602 2171 s
631 2144 664 2172 et
682 2138 725 2172 fic
755 2138 882 2172 restant
911 2139 946 2172 ix
974 2144 1160 2173 mutounes
1178 2138 1199 2184 ij
1220 2143 1341 2184 quarte
1370 2151 1381 2171 s
1410 2137 1500 2172 Item
1521 2138 1625 2183 empt'
1643 2136 1664 2182 ij

260 2222 381 2262 quarte
402 2216 499 2262 vitulj
522 2215 635 2261 magnj
656 2215 700 2261 vij
721 2220 736 2250 ἔ
755 2229 766 2248 l
785 2215 806 2261 ij
826 2215 943 2261 lingue
965 2229 974 2249 t
994 2215 1027 2261 iij
1047 2215 1133 2249 libre
1151 2214 1224 2261 eepj
1244 2215 1265 2261 ij
1286 2220 1301 2249 ἔ
1319 2228 1330 2248 l
1350 2220 1383 2248 et
1402 2215 1525 2261 expen'
1545 2226 1556 2246 1
1577 2213 1667 2247 Item

259 2294 363 2339 empt'
376 2293 482 2339 xxxvj
505 2293 638 2339 pultrel
652 2292 748 2339 xxiiij
762 2292 847 2339 pullj
859 2292 1065 2338 gallinarum
1082 2305 1092 2326 l
1107 2291 1140 2338 iij
1154 2304 1237 2326 auce
1252 2292 1376 2326 {blares
1389 2305 1400 2325 l
1414 2291 1484 2337 xiiij
1500 2289 1666 2336 cuniculjs
