1861 2703
198 222 302 257 1526.
678 222 836 259 REGIS
863 223 1053 259 JACOBI
1080 225 1127 260 V.
1547 229 1615 263 109

196 319 254 353 ista
275 319 381 354 nocte
398 332 421 354 x
439 324 454 355 ἔ
471 331 493 352 x
510 319 535 354 d
553 332 564 353 s
586 318 676 353 Item
696 321 820 366 expen’
838 320 939 367 super
956 319 1069 368 xliiijor
1092 322 1187 367 equis
1202 321 1384 368 Domicilij
1404 322 1615 355 remanenti-

195 397 257 431 bus
275 397 312 430 in
337 396 452 431 Peblis
478 397 573 432 dieta
591 397 697 432 noete
715 397 931 444 capientibus
950 398 985 432 in
1003 399 1123 432 anonis
1143 413 1154 432 s
1173 399 1254 433 feno
1275 412 1285 432 s
1306 404 1339 433 et
1357 398 1460 433 feodo
1479 397 1611 444 Stabulj

195 471 274 519 xxvj
288 477 303 507 ἔ
321 471 377 519 viij
391 473 425 507 d.

617 549 759 585 Summa
776 552 922 597 pecunie
940 552 1057 599 xxxvij
1077 557 1093 588 ἔ
1109 554 1142 599 vj
1160 553 1195 588 d.

243 704 433 739 Vlcasmo
468 704 572 740 JULII
614 718 625 738 s
665 705 765 750 Rege
800 712 1005 741 remanente
1035 706 1072 740 in
1102 706 1286 753 Jedburgh
1316 721 1327 740 l
1360 709 1483 754 expen’
1513 706 1615 755 super

194 782 446 829 quinquaginta
480 783 575 828 equis
609 783 721 828 Regis
756 789 791 817 et
826 783 855 817 F
856 783 971 818 amilie
1006 783 1159 818 eiusdem
1194 784 1452 819 remanentibus
1486 785 1614 820 ibidem

194 874 213 893 a
240 859 336 894 ἀίἇὶο
356 860 410 893 die
429 858 533 905 vsque
551 859 635 906 xxiij
655 858 807 893 eiusdem
826 858 998 894 exclufiue
1018 873 1029 894 s
1049 861 1106 908 quj
1126 861 1204 895 sunt
1222 866 1293 896 tres
1312 862 1383 896 dies
1411 875 1422 896 s
1449 863 1614 909 capienti-

194 936 257 970 bus
285 937 320 970 in
351 936 471 970 auenis
492 949 502 970 t
521 937 602 971 feno
623 950 633 970 t
653 949 742 983 pane
761 937 889 982 equino
910 950 921 971 s
941 942 975 971 et
993 937 1097 971 feodo
1123 938 1254 984 Stabulj
1276 951 1338 985 per
1367 939 1456 973 idem
1477 944 1613 986 tempus

194 1026 213 1046 v
226 1013 250 1046 Ῐί
268 1013 314 1060 xij
328 1017 343 1047 ἔ
355 1012 388 1060 vj
401 1013 435 1048 d.

606 1090 750 1125 Summa
767 1091 914 1138 pecunie
933 1103 954 1126 v
972 1091 997 1125 ii
1014 1091 1061 1138 xij
1080 1096 1095 1127 ἔ
1112 1093 1145 1138 vj
1164 1093 1199 1127 d.

244 1246 434 1280 VICESIMO
454 1257 589 1281 TERCIO
608 1245 713 1282 JULH
734 1259 745 1280 Ι
764 1247 868 1292 Rege
886 1252 1090 1282 remanente
1105 1247 1140 1281 in
1152 1246 1334 1294 Jedburgh
1347 1260 1426 1282 cum
1445 1248 1612 1294 quinqua-

195 1324 293 1369 ginta
325 1324 420 1370 equis
449 1323 599 1358 eiusdem
620 1328 654 1358 et
673 1323 853 1370 Domicilij
887 1323 1103 1370 capientibus
1128 1337 1193 1371 pro
1219 1326 1340 1359 auenis
1360 1338 1370 1359 s
1389 1326 1498 1372 gagid's
1516 1326 1584 1371 fenj
1603 1339 1613 1359 t

197 1405 231 1434 et
248 1400 352 1435 feodo
372 1399 599 1436 Stabulorum
615 1399 676 1434 ista
694 1401 800 1435 nocte
818 1400 936 1447 xxxvij
957 1405 972 1435 ἔ
989 1401 1021 1448 vj
1041 1401 1075 1436 d.

774 1477 917 1511 Summa
935 1482 1041 1524 patet.

246 1632 436 1667 Vmasmo
452 1641 603 1669 QUARTO
615 1630 720 1665 JULII
737 1644 748 1665 l
762 1631 863 1677 Rege
877 1635 1082 1665 remanente
1097 1631 1133 1664 in
1147 1630 1332 1677 Jedburgh
1349 1644 1359 1665 t
1377 1632 1501 1678 expen’
1515 1631 1615 1678 super

196 1710 228 1756 vj
245 1709 340 1755 equis
352 1708 503 1743 eiusdem
517 1707 778 1742 remanentibus
792 1707 919 1742 ibidem
936 1721 955 1742 a
969 1707 1064 1741 dieto
1080 1707 1136 1741 die
1150 1708 1253 1754 vsque
1267 1707 1465 1742 vicesimum
1478 1722 1611 1743 nonum

197 1785 349 1822 eiusdem
368 1784 541 1820 exclufiue
560 1799 572 1819 s
591 1787 648 1832 quj
664 1785 743 1820 sunt
757 1786 910 1831 quinque
929 1785 1001 1819 dies
1020 1801 1030 1818 l
1051 1785 1266 1832 capientibus
1283 1785 1319 1819 in
1337 1786 1456 1820 auenis
1476 1803 1486 1819 s
1505 1786 1586 1820 feno
1601 1800 1611 1819 l

197 1876 285 1911 pane
305 1863 432 1909 equino
449 1876 460 1897 l
476 1868 511 1897 et
521 1863 625 1897 feodo
640 1862 775 1909 Stabulj
797 1875 819 1896 x
832 1867 847 1897 ἔ
864 1875 886 1896 x
900 1863 924 1897 d
942 1862 978 1896 in
996 1864 1102 1898 noae
1121 1875 1133 1896 s
1151 1874 1286 1897 summa
1304 1862 1363 1910 liiij
1379 1867 1394 1897 ἕ
1412 1863 1433 1910 ij
1446 1863 1470 1898 d
1489 1877 1500 1897 s
1520 1864 1612 1898 Item

198 1941 321 1988 expen‘
339 1939 441 1987 super
454 1940 683 1986 quadraginta
701 1939 774 1986 iiij0‘
793 1939 890 1985 equis
908 1938 1090 1986 Domicilij
1106 1940 1366 1974 remanentibus
1380 1940 1417 1974 in
1429 1940 1614 1987 Jedburgh

198 2030 260 2065 per
279 2017 413 2051 dictum
431 2021 569 2063 tempus
597 2016 633 2050 in
663 2017 782 2051 auenis
802 2029 813 2050 s
832 2017 914 2051 feno
934 2029 946 2050 l
966 2021 1000 2050 et
1018 2016 1122 2050 feodo
1141 2016 1273 2064 Stabulj
1292 2017 1325 2064 xj
1344 2017 1368 2052 ii
1387 2018 1446 2065 xiij
1466 2023 1481 2053 ἔ
1499 2018 1544 2065 iiij
1565 2019 1588 2053 d
1603 2036 1613 2051 l

200 2096 291 2129 Item
311 2094 434 2140 expen'
452 2093 553 2140 super
573 2093 683 2128 tribus
709 2094 805 2140 equis
824 2093 1002 2140 Willielmj
1025 2092 1274 2128 Hammiltoun
1294 2094 1336 2128 de
1355 2094 1519 2129 mandato
1538 2095 1615 2130 Do-

199 2172 283 2218 minj
304 2170 413 2216 Regis
431 2169 566 2217 specialj
586 2171 846 2206 remanentibus
859 2172 892 2206 in
905 2171 1089 2218 Jedburgh
1101 2184 1164 2219 per
1178 2171 1270 2206 idem
1289 2177 1426 2220 tempus
1444 2174 1479 2207 in
1497 2175 1617 2208 auenis

199 2254 233 2283 et
251 2248 332 2283 feno
351 2247 432 2294 xviij
454 2247 478 2282 d
495 2248 532 2282 in
549 2247 655 2283 n0&e
675 2261 686 2283 l
705 2260 841 2284 summa
858 2248 902 2296 vij
924 2253 939 2284 ἔ
956 2249 988 2296 vj
1008 2249 1033 2284 d
1059 2262 1070 2284 t
1099 2248 1145 2284 Et
1162 2249 1265 2297 super
1283 2262 1352 2285 vno
1371 2263 1461 2297 equo
1485 2250 1615 2286 Johan-

1640 718 1771 746 Jedlmrgh,
