1861 2703
137 340 271 369 Linlithqw.

137 492 156 512 1]
162 493 286 522 dinburgh.

297 235 366 269 160
765 234 924 270 LIBER
951 234 1229 271 DOMICILII
1614 237 1717 272 15429.

351 337 432 366 DIE
457 336 584 366 LUNE
615 331 675 364 xix
704 330 801 366 Julil-
854 338 1103 368 PANETRIA.
1149 332 1266 378 Empt’
1297 330 1390 378 apud
1422 329 1615 376 Linlithqw
1645 329 1717 375 lviij

302 421 407 455 panes
423 422 434 442 s
453 408 599 455 prieium
616 409 651 442 ix
665 414 680 443 3
698 408 754 455 viij
774 409 799 444 d
814 422 825 443 Ι
841 415 875 443 et
894 411 1018 457 expen'
1037 423 1048 444 J
1070 410 1161 444 Item
1176 409 1219 444 de
1233 409 1433 456 preintratis
1453 422 1463 443 s
1484 409 1608 456 expen’
1627 407 1717 454 apud

304 486 510 532 Edinburgh
528 487 565 520 in
583 499 669 521 cena
680 487 709 534 jc
726 487 772 534 xij
794 487 828 521 in
847 488 1023 522 dominico
1042 493 1076 522 et
1094 487 1245 522 secundo
1275 501 1286 521 s
1316 492 1350 522 et
1376 486 1419 522 fic
1438 487 1565 524 restant
1584 487 1664 533 vijffl
1682 486 1715 532 xj

302 577 418 610 paneS.
472 570 755 600 BUTELARIA.
795 564 913 612 Empt’
938 566 976 598 in
1007 565 1200 611 Linlithqw
1230 566 1287 612 xvj
1319 565 1435 612 lagine
1465 566 1486 613 ij
1506 571 1627 612 quarte
1646 577 1718 599 cer-

304 641 381 675 uifie
402 656 412 675 s
432 642 580 688 pricium
598 642 680 690 xxiij
701 648 716 677 3
732 643 780 690 iiij
799 643 824 678 d
842 656 853 676 s
873 648 907 677 et
926 644 1050 690 expen'
1068 644 1103 677 in
1118 644 1266 690 prandio
1287 657 1298 678 l
1321 644 1412 679 Item
1432 644 1474 678 de
1492 643 1691 690 preintratis
1706 656 1717 675 s

303 722 427 767 expon’
447 721 480 754 in
500 733 587 755 cena
604 721 710 767 xxxiij
732 721 847 767 lagine
865 721 1006 756 ceruifie
1033 735 1044 756 l
1074 727 1108 756 et
1126 721 1169 756 fic
1188 722 1315 757 restant
1333 723 1380 757 ix‘
1398 722 1492 768 xxiiij
1511 722 1627 767 lagine
1646 733 1718 755 cer-

300 799 393 833 uilie.
445 806 658 842 COQUINA.
701 799 819 847 Empt'
837 800 929 847 apud
947 799 1168 848 Linlithqwj
1189 813 1274 848 capo
1306 815 1317 835 l
1348 801 1371 847 ij
1399 799 1515 848 pultre
1535 813 1545 834 Ι
1565 799 1622 846 xiij
1642 799 1718 846 pul-

300 877 535 923 ]igallinarum
555 891 565 911 s
584 877 642 924 viij
662 877 778 925 pultre
799 891 810 912 Ι
830 878 864 925 iij
885 891 1033 925 capones
1052 879 1091 925 sj
1112 892 1197 926 capo
1216 878 1328 926 pastus
1357 891 1365 914 Ι
1399 879 1434 913 in
1453 878 1569 913 butiro
1589 891 1600 912 s
1621 876 1687 911 sale
1705 890 1715 909 s

302 962 335 991 et
354 956 461 990 ordeo
482 969 493 989 s
512 955 618 1002 xxviij
639 958 681 1003 3j
699 956 723 990 d
742 969 753 989 s
774 961 808 990 et
826 957 950 1003 expeu'
978 970 990 990 l
1019 956 1109 991 Item
1135 958 1240 1004 empt’
1258 957 1291 1004 iij
1312 962 1435 1003 quarte
1454 961 1565 990 merte
1583 955 1653 1002 xxij
1675 960 1689 990 3
1705 968 1715 987 s

300 1035 322 1081 ij
343 1040 465 1080 quarte
483 1034 582 1080 vitulj
602 1034 660 1080 viij
680 1038 694 1068 3
712 1034 744 1080 vj
763 1034 787 1068 d
819 1047 829 1068 s
859 1047 880 1068 v
898 1039 1060 1069 mutones
1090 1036 1171 1081 xxvj
1192 1039 1207 1069 3
1225 1034 1282 1081 viij
1302 1034 1326 1069 d
1345 1047 1356 1068 1
1383 1036 1397 1080 j
1425 1033 1555 1081 sparrib
1573 1033 1644 1079 xiiij
1665 1033 1713 1067 ds

301 1120 335 1147 et
354 1113 476 1159 expen’
505 1126 515 1146 l
546 1112 636 1146 Item
655 1113 761 1159 empt’
781 1114 795 1159 j
824 1113 1021 1159 carcagium
1041 1117 1150 1146 inerte
1177 1112 1282 1158 xxxvj
1305 1117 1319 1147 3
1351 1125 1362 1146 t
1393 1113 1450 1159 xxj
1471 1117 1632 1146 mutones
1653 1125 1671 1145 v
1691 1112 1715 1145 fi

300 1191 346 1235 ,xij
368 1195 382 1223 3
402 1204 412 1223 s
432 1191 453 1237 ij
473 1190 592 1236 lingue
610 1190 739 1224 bonine
758 1192 815 1237 xvj
834 1190 859 1224 d
877 1203 888 1224 s
909 1190 952 1224 de
970 1190 1093 1236 quibus
1112 1191 1236 1237 expen’
1254 1190 1275 1237 ij
1296 1195 1418 1236 quarte
1442 1195 1552 1224 merte
1572 1204 1582 1223 l
1602 1203 1624 1223 Χ
1642 1203 1715 1224 mu-

301 1274 401 1301 tones
418 1267 442 1314 ὲ
459 1273 583 1314 quarta
600 1268 754 1302 mutonis
782 1281 792 1301 s
820 1272 854 1302 et
871 1267 914 1302 fic
944 1267 1071 1302 restant
1089 1268 1110 1315 ij
1131 1273 1254 1314 quarte
1272 1272 1383 1302 merte
1404 1281 1415 1302 s
1433 1281 1457 1301 x
1475 1274 1637 1302 mutones
1655 1269 1712 1316 iij}2

298 1352 420 1392 quarte.
449 1346 601 1380 mutonis
629 1359 640 1380 l
670 1345 760 1380 Item
789 1347 894 1393 empt'
925 1346 1020 1393 xxiiij
1053 1346 1352 1393 pulligallinarum
1385 1360 1396 1380 l
1427 1346 1484 1394 viij
1514 1347 1629 1394 pultre
1650 1360 1660 1380 s
1681 1347 1714 1381 ix

299 1438 447 1472 capones
467 1427 506 1472 [j
528 1438 612 1472 capo
630 1424 743 1472 pastus
763 1438 773 1459 s
792 1425 839 1471 iiij
860 1424 1010 1471 euniculj
1032 1438 1043 1459 Ι
1062 1424 1167 1471 xxxvj
1188 1437 1270 1459 aues
1288 1425 1437 1459 morales
1470 1438 1481 1459 s
1509 1438 1531 1460 Χ
1557 1425 1688 1472 pouttis
1703 1439 1713 1459 s

299 1505 321 1549 ij
344 1503 424 1550 gallj
444 1503 534 1551 nigrj
557 1503 595 1550 sj
616 1516 698 1537 anas
717 1516 729 1536 l
748 1503 794 1549 iiij
814 1503 891 1537 telis
911 1517 922 1537 s
941 1503 977 1537 in
994 1502 1062 1537 sale
1083 1516 1093 1537 l
1113 1503 1229 1537 butiro
1246 1517 1257 1537 l
1273 1504 1380 1538 ordeo
1401 1517 1412 1537 l
1432 1503 1507 1537 ouis
1523 1517 1533 1537 t
1548 1509 1582 1538 ct
1593 1504 1688 1538 caseo
1703 1517 1713 1537 1

305 1581 390 1627 varij
410 1582 515 1628 pree-ij
546 1595 556 1614 s
585 1581 728 1615 Summa
744 1580 790 1628 iiij
810 1581 835 1615 fi
853 1581 887 1614 ix
906 1586 920 1615 3
937 1581 983 1627 iiij
1003 1581 1027 1616 d
1046 1598 1055 1614 ι
1076 1587 1110 1615 et
1129 1582 1264 1628 expen'.

766 1658 910 1693 Summa
926 1659 995 1706 xvij
1015 1659 1039 1694 ii
1058 1660 1139 1707 xviij
1160 1659 1200 1706 3j
1220 1659 1254 1694 d.

352 1823 434 1852 DIE
460 1822 658 1852 VENERIS
677 1816 760 1849 xxiii
786 1816 884 1851 Julii.
936 1822 1188 1852 PANETRIA.
1230 1815 1288 1850 De
1319 1815 1518 1862 preintratis
1551 1829 1561 1849 t
1591 1817 1713 1864 expen’

294 1895 321 1940 js
342 1900 389 1928 vu
410 1894 480 1940 xiiij
502 1906 606 1941 panes
635 1907 645 1928 l
674 1893 765 1928 Item
795 1895 918 1941 expen’
949 1894 985 1928 in
1015 1893 1154 1941 pastillis
1180 1907 1227 1927 ΧΧ
1256 1906 1362 1940 panes
1390 1907 1401 1927 s
1430 1893 1572 1928 Summa
1590 1901 1620 1940 ι]
1640 1896 1712 1943 xiiij

300 1985 406 2019 panes
427 1985 436 2005 t
457 1977 491 2006 et
510 1971 552 2005 fic
578 1971 706 2006 restant
734 1972 802 2019 vj(D
828 1972 973 2019 lxxxxiij
993 1985 1111 2019 panes.
1165 1978 1447 2009 BUTELARIA.
1486 1971 1622 2019 Expen'
1640 1973 1709 2019 lviij

300 2050 414 2094 lagine
434 2049 454 2095 ij
475 2055 597 2095 quarte
616 2048 756 2083 ceruifie
773 2062 781 2084 l
799 2055 832 2084 et
845 2048 888 2084 fic
903 2049 1030 2084 restant
1042 2050 1100 2096 vijc
1114 2063 1161 2083 ΧΧ
1174 2050 1289 2096 lagine
1304 2048 1455 2084 ceruifie.
1492 2056 1710 2093 COQUINA.

303 2127 420 2173 Empt'
438 2132 471 2160 v‘
489 2127 553 2173 albj
574 2126 680 2173 pisces
700 2140 711 2160 s
731 2133 763 2161 vc
781 2127 890 2162 alleca
917 2128 1072 2162 recentia
1089 2128 1137 2175 iijc
1155 2128 1333 2175 merlingis
1352 2128 1519 2163 estiuiales
1539 2141 1550 2162 l
1569 2129 1711 2177 lxxxxvj

302 2283 334 2329 vj
356 2281 526 2316 salmones
546 2295 557 2315 l
576 2283 608 2328 vj
629 2281 760 2328 rigadia
780 2295 790 2316 s
810 2281 842 2329 vj
864 2282 941 2317 solis
960 2296 971 2317 1
990 2282 1026 2317 in
1057 2281 1199 2330 spouttis
1231 2295 1243 2318 s
1272 2282 1446 2329 grenbans
1475 2296 1485 2317 t
1516 2282 1711 2329 peffinibus
