1861 2703
107 813 255 842 Edinburgh.

126 2258 258 2287 Striueling.

283 252 326 284 18
858 244 1144 280 APPENDIX.
1590 245 1693 276 1528.

326 346 393 375 Dm
419 344 551 374 MAnTis
574 343 626 373 xvi
652 341 817 373 Februarii.
856 341 998 372 Liberate
1022 341 1178 372 Fratribus
1198 340 1229 370 in
1247 340 1412 370 elemozina
1436 338 1531 379 Regis
1546 337 1576 368 lx
1594 348 1695 379 panes,

290 411 366 440 Item
381 410 506 440 liberate
521 408 608 438 dictis
626 407 782 439 Fratribus
797 417 838 436 xv
853 406 954 448 lagine
969 407 1105 437 ceruisie.

328 476 395 506 Dm
426 474 606 504 Mancunn
633 473 696 503 xvii
724 472 890 503 Februarii.
944 472 1025 503 Item
1050 472 1138 502 solut’
1163 483 1216 512 per
1245 471 1454 502 Rotulatorem
1480 481 1534 512 pro
1558 469 1697 510 expensis

286 540 413 572 Domini
431 540 526 581 Regis
542 539 706 580 equitantis
721 549 824 568 versus
841 537 1021 578 Linlsthqw,
1046 543 1076 568 et
1091 536 1203 567 ibidem
1218 536 1398 567 remanentis
1414 547 1466 578 per
1481 541 1539 566 tres
1555 535 1616 566 dies
1628 542 1698 566 ante

284 607 346 648 xiiij
367 605 532 641 Februarii,
557 605 648 645 empt’
664 604 695 634 in
711 603 850 645 panibus,
867 603 1004 639 ceruisia,
1021 602 1153 643 piscibus
1168 601 1286 643 magnis
1301 607 1331 632 et
1346 601 1457 642 paruis,
1473 600 1583 637 butiro,
1600 611 1698 637 caseo,

285 671 474 707 carbonibus,
498 670 639 706 candelis,
655 675 686 700 et
701 669 840 699 omnibus
854 669 920 699 aliis
935 667 1058 699 minutis
1073 668 1212 710 expensis
1227 667 1301 698 fusis
1316 678 1369 709 per
1391 666 1542 698 Finlaium
1567 666 1700 697 MeKaw

286 738 348 779 xiiij
365 737 386 768 fi
402 737 464 777 xiiij
481 739 510 766 d.

331 804 398 834 Dm
418 803 599 833 Mmcunu
615 802 701 832 xxiiii
719 801 884 832 Februarii.

330 870 396 899 Dm
413 869 512 899 Joms
528 879 591 898 xxv
609 867 774 898 Februarii.
822 867 947 908 Empt'j
966 877 1058 897 conca
1073 877 1194 907 magna.

331 936 397 965 Dm
418 935 570 965 VssNssms
586 934 659 964 xxvi
676 932 842 963 Februarii.
890 932 993 974 Empt'
1005 932 1017 972 j
1035 932 1138 973 padul,
1156 932 1184 972 vj
1199 937 1279 962 trute
1290 942 1412 972 magne,
1440 931 1471 961 in
1487 930 1574 961 trutis
1590 936 1703 963 torren-

288 1003 374 1032 tium.
424 1002 538 1032 Intrata
549 999 591 1041 j(D
607 997 659 1041 vijc
673 999 768 1030 alleca
782 999 860 1029 salsa
875 998 1041 1028 orientalia.

332 1068 398 1098 Dm
415 1068 434 1097 J
437 1077 512 1097 oms
528 1066 613 1096 xxvii
631 1065 796 1096 Februarii.
844 1064 946 1103 Empt’
962 1064 994 1093 lx
1009 1063 1103 1094 alleca
1119 1063 1325 1094 occidentalia.

559 1133 686 1162 Summa
699 1130 801 1162 totalis
815 1130 926 1160 mensis
944 1129 1100 1159 Februarii
1116 1130 1148 1169 ijc
1171 1129 1279 1160 lxxxix
1292 1129 1317 1159 ti
1332 1130 1360 1170 vj
1377 1133 1389 1158 ἐ
1401 1130 1413 1169 j
1431 1132 1460 1159 d.

1543 1200 1617 1224 Tenet
1638 1195 1676 1224 A.

335 1265 403 1295 Dm
423 1263 555 1294 MAnrls
570 1262 591 1292 ii
608 1261 728 1292 Mercii.
776 1261 876 1302 Empt'
893 1260 933 1301 xij
950 1261 1087 1291 mulones
1102 1261 1173 1297 corf,
1197 1261 1216 1301 ij
1233 1260 1325 1291 lithis.

572 1328 697 1358 Summa
712 1327 822 1357 mensis
839 1326 949 1356 Mercii
964 1325 1118 1367 hucusque
1134 1326 1166 1356 xl
1181 1326 1202 1356 ti
1217 1326 1248 1356 ix
1264 1329 1293 1358 d.

1551 1398 1626 1423 Tenet
1641 1396 1680 1425 A,

447 1462 572 1491 Summa
593 1460 742 1490 mensium
757 1459 916 1499 hucusque
940 1464 1063 1489 onerata
1087 1469 1177 1500 super
1203 1458 1352 1490 Jacobum
1369 1459 1488 1491 Coluile
1508 1460 1556 1502 [de
1576 1460 1712 1492 Vchiltre

448 1526 666 1567 Compotorum
686 1525 896 1555 Rotulatorem
911 1523 970 1564 fija]
987 1524 1038 1565 vijc
1061 1524 1091 1565 lij
1107 1524 1130 1554 ii
1147 1524 1196 1564 viij
1214 1528 1225 1553 Ξ
1241 1524 1270 1565 xj
1288 1526 1316 1554 d.

1503 1597 1576 1620 Tenet
1597 1592 1673 1622 Abd.

344 1725 410 1754 Dm
428 1725 608 1754 Doleco
626 1723 667 1752 vii
684 1722 801 1753 Mercii.
852 1722 952 1763 Empt’
977 1733 1030 1762 per
1048 1722 1259 1753 Rotulatorem
1281 1729 1312 1753 et
1334 1723 1449 1754 liberat'
1470 1723 1600 1754 Waltero
1627 1724 1713 1754 Scott

300 1790 404 1831 pistori
415 1790 428 1830 j
446 1789 545 1819 celdra
560 1789 608 1829 viij
626 1788 706 1819 boile
721 1788 874 1824 frumenti,
898 1787 1025 1828 pricium
1047 1788 1128 1818 bolle
1150 1788 1224 1829 xxiij
1242 1793 1264 1826 Ξ,
1293 1789 1417 1820 Summa
1433 1789 1515 1830 xxvij
1533 1790 1555 1819 ii
1570 1789 1612 1829 xij
1630 1793 1652 1825 ἒ,
1676 1789 1713 1819 de

300 1856 411 1896 quibus
425 1860 628 1897 prouenerunt
643 1855 674 1884 in
690 1854 818 1895 panibus
833 1854 863 1883 in
879 1853 1028 1883 dominico
1043 1860 1073 1884 et
1088 1854 1219 1884 secundo
1234 1854 1283 1895 ij(D
1298 1866 1401 1896 panes.

343 1922 410 1952 Dm
428 1922 525 1952 JOL'IS
548 1921 580 1951 xi
597 1920 715 1951 Mereii.
764 1921 874 1961 Empte
890 1920 920 1960 iij
937 1920 1035 1950 celdre
1050 1919 1131 1950 ordei
1153 1919 1277 1950 liberate
1296 1920 1431 1951 Roberto
1449 1920 1526 1950 Wod
1547 1921 1713 1957 brasiatori‚

301 1988 427 2028 pricium
444 1987 523 2017 boile
538 1998 579 2017 xv
595 1990 617 2023 ἐ,
647 1987 772 2017 Summa
787 1986 880 2027 xxxvj
896 1985 929 2022 ii,
954 1985 990 2015 de
1005 1985 1115 2026 quibus
1131 1991 1334 2026 prouenerunt
1348 1986 1379 2016 in
1395 1986 1519 2017 ceruisia
1537 1986 1591 2027 iiij⁰
1614 1985 1714 2026 lagine

301 2053 424 2083 corui-sie
439 2064 507 2083 cum
522 2053 549 2083 le
565 2052 688 2083 cherite.

344 2117 411 2147 Dm
430 2117 582 2146 VENERIS
598 2116 640 2146 xii
657 2116 776 2147 Mercii.
823 2116 924 2157 Empt'
936 2116 963 2156 jc
984 2117 1123 2157 spouttis.

347 2182 413 2212 Dm
435 2182 558 2211 SABOTI
575 2181 629 2211 xiii
646 2181 765 2212 Mercii.
812 2181 914 2212 Hodie
930 2181 1082 2213 Dominus
1101 2182 1169 2213 Rex
1185 2183 1332 2224 equitauit
1356 2183 1392 2214 de
1419 2183 1608 2225 Edinburgh‚
1632 2183 1715 2214 finito

305 2247 439 2289 prandiO,
468 2258 570 2278 versus
586 2246 762 2288 Striueling.
