1861 2703
65 1220 200 1249 Linlithqw.

66 1411 214 1440 Edinburgh.

70 1748 204 1776 Linlithqw.

71 1877 180 1899 Drumfer
187 1877 295 1905 melinge.

72 2006 207 2035 fflrffleling.

74 2336 213 2358 Faulkland.

316 252 364 283 30
884 246 1167 282 APPENDIX.
1616 251 1719 284 1530.

357 346 423 375 Dm
441 345 591 376 mems
607 356 647 375 xv
666 345 788 386 Aprilis.
832 345 1036 383 Parassaphe.

356 413 422 441 Dm
444 412 569 441 SAnorr
585 411 637 441 xvi
655 410 777 452 Aprilis.
827 411 939 449 Vz’qz’lia
953 410 1082 441 Pasclze.

356 478 422 507 Dm
436 477 616 507 D0M1N1co
627 477 690 507 xvii
704 476 828 518 Aprilis.
864 475 906 517 iiij
918 487 992 507 auce
1001 481 1184 517 campestres
1194 486 1248 517 per
1262 475 1413 507 Abbatem
1425 476 1462 507 de
1477 476 1584 508 Scona.
1618 478 1631 518 j
1643 488 1725 519 grus,

313 544 332 583 ij
346 554 418 573 auce
428 548 620 583 campestres,
628 542 803 583 vpluuiarii,
810 541 841 583 iij
849 541 923 584 galli
934 542 1023 583 nigri,
1034 543 1063 583 vj
1071 553 1143 573 aues
1152 542 1280 572 morales
1291 552 1344 583 per
1353 541 1504 573 Abbatem
1516 542 1553 573 de
1563 542 1726 573 Lunduris.

356 609 423 639 Dm
443 609 576 639 Manws
592 608 645 638 xix
663 608 786 650 Aprilis.
832 607 977 639 Liberate
992 608 1138 639 uxoribus
1153 608 1190 638 de
1209 607 1377 649 Striueling
1398 607 1440 648 iiij
1465 607 1563 638 celdre
1578 608 1628 649 viij
1646 608 1726 638 bolle

315 675 396 705 ordei
412 675 448 704 de
468 674 529 704 Fiff
540 674 577 704 de
593 674 703 715 quibus
718 680 921 716 prouenerunt
936 674 967 704 in
983 674 1109 704 ceruisia
1124 676 1156 704 vc
1168 674 1242 704 lxxv
1258 673 1360 715 lagine
1375 673 1510 704 ceruisie.

358 742 424 771 Dm
445 741 569 771 SABOTI
586 751 649 770 xxx
664 739 788 781 Aprilis.
836 740 938 781 Empt‘
955 740 983 781 vj
1001 739 1106 770 barilia
1127 739 1200 770 birri
1216 739 1257 780 iiij
1274 739 1298 770 ii
1312 739 1354 780 iiij
1371 743 1393 777 Ξ,
1418 739 1505 770 barili
1523 744 1622 770 stante
1639 740 1675 770 ad
1699 740 1729 769 ix

315 808 431 849 laginas
448 808 466 848 ij
483 813 590 848 quarte
605 807 685 837 birri.

558 873 683 904 Summa
698 873 799 904 totalis
814 872 924 903 mensis
944 872 1056 914 Aprilis
1071 872 1125 913 iiijc
1139 872 1279 913 lxxxxiiij
1296 872 1318 902 ti
1334 872 1363 913 iij
1382 876 1393 902 ἓ
1411 883 1431 902 x
1443 875 1471 903 d.

1519 949 1590 971 Tenet
1612 940 1688 969 ABd.

360 1008 426 1037 Dm
444 1007 621 1036 Donnmco
636 1006 647 1035 i
664 1005 751 1036 Maii.
791 1006 804 1046 j
822 1005 938 1046 cignus,
956 1004 1042 1045 xxiiij
1060 1005 1210 1046 pluuiarii,
1229 1005 1259 1045 iij
1274 1005 1472 1041 eonturnices,
1490 1004 1534 1045 iijc
1549 1005 1641 1035 ostria
1656 1006 1733 1035 occi-

319 1073 451 1104 dentalia
466 1084 519 1114 per
535 1072 704 1103 Dominum
721 1071 878 1102 Corswell.

360 1140 427 1169 Dm
441 1139 621 1168 Donnmco
633 1137 685 1167 viii
697 1137 785 1167 Maii.
811 1138 824 1177 j
840 1136 979 1178 cignus‚‘j
993 1146 1076 1177 grus,
1090 1137 1118 1176 vj
1133 1147 1205 1166 auce
1218 1147 1271 1177 per
1282 1136 1468 1177 Episcopum
1477 1136 1733 1167 Aberdonensem.

363 1206 430 1235 Dm
450 1205 548 1235 Lem:
573 1204 605 1233 ix
628 1203 718 1234 Maii.
765 1202 867 1233 Finito
893 1201 1029 1243 prandio,
1058 1202 1149 1243 empt’
1163 1202 1243 1242 apud
1268 1201 1436 1243 Linlithqw
1451 1202 1484 1243 ijc
1500 1213 1592 1243 panes
1614 1202 1735 1233 venales

320 1272 351 1301 xl
367 1275 389 1307 ἓ,
414 1271 450 1301 de
467 1270 577 1312 quibus
594 1269 700 1310 expen’
718 1269 749 1298 in
766 1279 841 1298 cena
851 1268 877 1308 jc
891 1267 910 1308 ij
928 1278 1031 1308 panes.

362 1338 428 1366 Dm
447 1337 627 1367 Mssncvmr
644 1336 675 1365 xi
693 1335 780 1366 Maii.
830 1334 931 1375 Empt'
949 1334 988 1374 vij
1006 1333 1164 1364 dottrallis.

362 1405 429 1434 Dm
447 1405 627 1433 Dommxco
644 1413 684 1432 xv
701 1402 788 1432 Maii.

361 1471 429 1500 Dm
449 1471 628 1500 MERCURH
644 1469 719 1499 xviii
736 1468 824 1499 Maii.
873 1467 1041 1498 Seruitores
1057 1466 1217 1507 vigilantes
1234 1466 1385 1496 Dominos
1405 1466 1507 1507 Regni
1530 1466 1588 1496 ista
1604 1472 1691 1496 nocte
1706 1466 1735 1495 in

322 1543 418 1566 castro
438 1535 618 1577 Edinburgi.

366 1603 434 1631 Dm
449 1602 547 1631 Joms
564 1601 616 1631 xix
634 1600 721 1630 Maii.
762 1600 774 1639 j
793 1600 846 1630 bos
862 1605 966 1640 pastus
981 1611 1034 1640 per
1049 1598 1200 1628 Joannem
1219 1597 1423 1628 Mathesoune
1440 1599 1470 1628 in
1490 1599 1672 1629 Broctoune.

368 1669 434 1698 Dm
454 1667 552 1697 Lam-2
570 1666 643 1696 xxiii
662 1666 749 1696 Maii.
794 1667 988 1704 Boyationes.

367 1735 434 1763 Dm
453 1734 586 1764 Misn'rls
602 1732 689 1762 xxiiii
708 1731 794 1761 Maii.
842 1731 943 1760 Hodie
960 1730 1112 1760 Dominus
1130 1730 1199 1760 Rex
1215 1730 1364 1770 equitauit
1381 1730 1417 1759 de
1438 1728 1617 1769 Edinburgh
1634 1740 1736 1758 versus

326 1800 503 1841 Linlithqw.

370 1867 436 1896 Dm
455 1866 634 1895 Meucunu
652 1875 714 1894 xxv
732 1863 819 1893 Maii.
867 1862 967 1893 Hodie
985 1862 1135 1892 Dominus
1151 1862 1217 1892 Rex
1234 1862 1383 1902 equitauit
1398 1862 1434 1891 de
1454 1860 1619 1901 Linlithqw
1637 1871 1737 1891 versus

330 1932 615 1972 Drumfermelinge.

370 1999 438 2027 Dm
460 1998 611 2028 VENEms
628 1997 712 2026 xxvii
730 1996 817 2027 Maii.

612 2064 735 2093 Summa
750 2063 851 2094 totalis
868 2062 977 2092 mensis
995 2061 1072 2092 Maii
1088 2065 1116 2090 vc
1140 2061 1234 2101 lxxxij
1252 2061 1274 2089 fi
1290 2060 1308 2100 ij
1323 2064 1334 2089 Ξ
1352 2060 1401 2100 viij
1419 2063 1447 2089 d.

1525 2135 1599 2158 Tenet
1620 2127 1697 2156 And.

372 2197 437 2226 Dm
456 2196 550 2225 Joms
566 2195 585 2224 ii
603 2195 697 2224 Junii.
747 2195 823 2225 Item
842 2195 996 2225 Fratribus
1021 2194 1051 2224 in
1079 2193 1244 2224 elemozina
1274 2192 1369 2233 Regis
1396 2193 1426 2222 xl
1453 2203 1555 2233 panes.
1604 2192 1704 2232 Empt'
1721 2193 1738 2232 ij

327 2274 400 2293 auce
416 2262 540 2292 verides.

371 2329 436 2357 Dm
457 2328 609 2357 VENEms
626 2327 656 2356 iii
672 2326 766 2356 Junii.
