1861 2703
282 274 328 304 52
740 267 897 303 LIBER
926 267 1202 303 DOMICILII
1593 271 1702 307 1526.

332 372 413 403 DIE
438 370 565 401 LUNE
583 362 666 398 xxvi
685 362 824 399 Mercii.
877 371 1123 402 PANETRIA.
1166 364 1224 399 De
1252 365 1452 413 preintratis
1485 379 1496 401 s
1527 368 1651 415 expen’
1670 368 1706 402 in

288 444 461 479 dominico
481 449 515 477 et
533 442 684 477 secundo
697 443 725 489 J'c
743 442 777 488 iij
797 455 903 489 panes
931 456 943 476 l
973 443 1064 478 Item
1083 444 1207 491 expen’
1240 443 1276 477 in
1303 443 1442 491 pastillis
1473 445 1543 493 xvij
1575 458 1680 492 panes
1694 460 1705 479 l

288 524 429 557 Summa
460 519 685 568 expensarum
700 522 727 567 J'c
744 533 791 554 xx
808 532 916 567 panes
945 534 956 555 s
988 526 1023 555 et
1052 520 1096 555 fic
1125 521 1253 555 restant
1282 522 1338 555 X«)
1370 522 1406 569 ijC
1435 522 1553 571 lxxxvj
1585 536 1706 571 panes.

287 604 563 636 BUTELARIA.
612 598 747 645 Expen'
765 597 846 644 xxxj
866 597 981 644 lagine
1000 598 1034 645 iij
1054 604 1176 645 quarte
1203 598 1344 634 ceruifie
1366 613 1377 634 s
1397 606 1431 634 et
1448 599 1492 635 fic
1510 601 1638 636 restant
1656 607 1707 636 v‘Lx

288 679 321 725 iij
341 677 481 724 laginej
502 682 625 722 quarta
643 674 793 710 ceruifie.
847 682 1059 718 COQUINA.
1099 675 1156 710 De
1175 676 1376 723 preintratis
1395 694 1406 711 t
1426 679 1553 725 expen'
1566 681 1593 726 jc
1611 679 1706 726 xxiiij

289 756 396 790 alleca
414 754 496 789 salsa
514 767 525 788 s
545 754 602 800 viij
622 753 783 787 mulones
800 753 886 801 aridj
917 767 928 789 s
961 759 995 788 et
1013 752 1055 788 fic
1073 752 1202 788 restant
1221 753 1290 801 vjff'
1307 754 1369 802 iiijc
1386 755 1457 802 lxvj
1478 755 1587 790 alleca
1603 756 1706 792 salsa!

290 834 357 867 ix<D
376 839 408 867 vC
425 832 547 867 lxxxix
564 831 751 879 speldingis
783 845 794 865 l
826 831 874 879 iijc
892 838 943 867 vxx
962 832 1009 879 iiij
1041 832 1203 867 mulones
1233 832 1319 879 aridj
1350 845 1361 867 ι
1391 833 1447 867 De
1477 834 1677 880 preintratis
1697 848 1708 867 l

292 912 441 958 expen'j
461 915 559 957 petra
576 909 634 956 viij
654 909 741 943 libre
759 909 864 956 butirj
887 923 897 944 l
918 915 952 944 et
970 909 1013 944 fic
1030 909 1158 944 restant
1175 923 1246 944 xxv
1264 916 1362 958 petre
1394 911 1427 958 iij
1457 911 1545 946 libre
1571 911 1675 959 butirj
1697 926 1707 946 t

294 989 383 1023 Item
403 988 507 1035 empt’
525 987 557 1034 vj
577 987 737 1022 mulones
755 992 913 1022 recentes
932 1001 943 1022 s
962 990 995 1034 vj
1015 987 1176 1022 mulones
1202 988 1287 1035 aridj
1320 1001 1331 1022 1
1362 988 1397 1035 ijc
1423 988 1460 1022 lx
1488 989 1553 1035 albj
1574 989 1680 1036 pisces
1697 1006 1706 1021 s

291 1067 395 1113 xxxvj
416 1065 594 1112 merlingis
614 1078 624 1099 s
643 1065 739 1112 xxiiij
758 1065 864 1112 pisces
882 1065 968 1112 aridj
994 1067 1033 1112 JJ'
1053 1065 1157 1099 turbo
1178 1067 1217 1112 tj
1237 1065 1342 1100 salmo
1370 1082 1381 1100 s
1403 1066 1418 1113 j
1450 1072 1574 1112 quarta
1590 1065 1679 1101 selch
1697 1080 1707 1100 s

286 1147 299 1190 j
319 1150 442 1189 quarta
459 1143 577 1190 pellok
597 1156 608 1177 l
627 1144 649 1190 ij
668 1143 748 1190 lucij
770 1156 781 1177 s
800 1144 836 1177 in
863 1144 965 1177 trutis
996 1143 1208 1177 torrentium
1228 1144 1268 1190 sj
1288 1143 1460 1190 rigadium
1481 1146 1522 1190 JJ‘
1541 1144 1637 1190 leing
1656 1158 1666 1178 t
1681 1145 1709 1191 j‘

290 1222 325 1255 lx
343 1220 453 1255 bukes
473 1234 483 1254 t
496 1220 541 1268 jco
560 1219 660 1255 ostria
679 1233 690 1255 s
710 1220 745 1254 in
771 1232 922 1254 crunans
942 1236 952 1254 s
973 1225 1008 1255 et
1034 1220 1076 1254 de
1102 1233 1213 1255 vxore
1232 1220 1378 1255 Andree
1407 1220 1560 1255 Dokane
1590 1221 1626 1255 in
1657 1234 1710 1256 ce·

290 1300 392 1346 napio
413 1312 424 1333 s
443 1298 527 1345 varij
548 1298 653 1345 precij
683 1314 693 1331 ι
722 1297 866 1332 Summa
883 1310 905 1332 v
922 1298 947 1332 ii
970 1298 1005 1344 iij
1025 1303 1040 1333 ἔ
1058 1298 1105 1345 iiij
1124 1298 1149 1333 d
1168 1311 1179 1332 l
1199 1303 1233 1333 et
1251 1299 1375 1345 expen'
1395 1312 1406 1333 s
1434 1297 1492 1333 De
1510 1299 1710 1346 preintratis

290 1377 412 1423 expen’
432 1377 478 1423 iiij
498 1375 667 1410 salmones
688 1374 759 1410 falfi
777 1391 788 1409 ι
808 1381 842 1410 et
860 1374 903 1410 fic
921 1375 1059 1410 restant.

776 1454 919 1489 Summa
937 1467 958 1489 v
976 1454 1002 1489 fi
1019 1453 1054 1500 iij
1075 1458 1091 1489 ἕ
1106 1453 1155 1500 iiij
1173 1454 1208 1489 d.

337 1617 418 1646 DIE
437 1616 613 1646 MARTIS
634 1609 728 1643 xxvii
749 1609 888 1644 Mercii.
941 1615 1188 1645 PANETRIA.
1230 1608 1286 1644 De
1317 1610 1517 1656 preintratis
1545 1623 1555 1643 s
1583 1612 1707 1658 expen'

289 1690 323 1722 in
343 1688 518 1722 dominico
537 1688 581 1734 xij
603 1700 709 1735 panes
730 1701 740 1722 Ι
761 1687 803 1722 de
829 1686 980 1722 secundo
1006 1693 1058 1721 vxx
1081 1689 1095 1734 j
1125 1699 1232 1735 panes
1259 1700 1270 1721 l
1300 1686 1391 1721 Item
1419 1688 1543 1735 expen'
1573 1688 1608 1721 in
1636 1688 1707 1735 pas-

289 1766 370 1800 tillis
388 1766 459 1812 xiiij
478 1778 585 1813 panes
614 1778 625 1799 t
653 1765 797 1800 Summa
815 1764 1040 1812 expensarum
1056 1766 1084 1812 J'c
1101 1765 1172 1812 xvij
1199 1776 1306 1812 panes
1334 1781 1345 1798 s
1375 1769 1410 1800 et
1435 1764 1479 1799 fic
1505 1764 1632 1800 restant
1650 1766 1706 1799 x‘o

280 1844 309 1890 J'c
327 1844 400 1877 lxix
418 1855 534 1890 panes.
589 1849 873 1879 BUTELARIA.
918 1842 1055 1889 Expen'
1072 1841 1154 1889 xxxj
1174 1842 1290 1888 lagine
1322 1842 1356 1889 iij
1388 1847 1510 1888 quarte
1538 1842 1677 1878 eeruifie
1692 1857 1702 1877 s

286 1927 320 1955 et
338 1920 380 1955 fic
398 1921 526 1956 restant
543 1921 614 1968 lxxj
629 1921 745 1968 lagine
758 1921 781 1968 ij
798 1926 921 1968 quarte
939 1919 1091 1955 ceruifie.
1145 1926 1360 1964 COQUINA.
1400 1919 1458 1955 De
1476 1921 1675 1968 preintratis
1691 1935 1701 1956 l

286 1999 408 2046 expen’
427 1999 461 2045 ijc
481 1999 590 2034 alleca
607 1998 688 2033 salsa
707 2012 719 2033 l
738 1999 782 2047 vij
803 1999 964 2034 mulones
981 1998 1068 2045 aridj
1090 2010 1102 2033 l
1115 2000 1130 2046 j
1149 2003 1249 2046 petra
1265 1999 1325 2046 viij
1343 1998 1431 2033 libre
1450 1998 1555 2046 butirj
1576 2012 1589 2033 t
1607 2004 1641 2033 et
1660 1999 1702 2034 fic

283 2076 410 2110 restant
431 2076 500 2123 vjm
516 2077 553 2124 ijc
570 2077 641 2124 lxvj
662 2076 771 2112 alleca
790 2076 872 2112 salsa
899 2090 911 2112 t
937 2076 1006 2111 jxm
1023 2081 1057 2111 vc
1074 2076 1196 2111 lxxxix
1223 2076 1408 2124 speldingis
1438 2089 1449 2110 t
1479 2076 1527 2124 iijc
1544 2076 1699 2123 lxxxxvij

282 2153 441 2187 mulones
462 2154 548 2201 aridj
570 2167 581 2188 l
602 2155 684 2201 xxiij
704 2160 802 2202 petre
821 2156 855 2202 xj
874 2154 961 2189 libre
979 2153 1084 2201 butirj
1114 2171 1124 2188 l
1153 2153 1246 2188 Item
1272 2154 1378 2202 empt'
1403 2153 1439 2188 xl
1470 2153 1630 2188 mulones
1649 2166 1701 2188 re-

282 2308 342 2342 lok
362 2321 372 2341 s
392 2310 498 2356 xxxvj
518 2308 675 2356 peffiines
695 2326 704 2343 l
725 2309 747 2357 ij
767 2310 862 2344 ronis
881 2323 892 2344 t
911 2310 933 2357 ij
953 2309 1157 2357 bronoscopj
1191 2322 1202 2343 t
1225 2311 1240 2356 j
1270 2309 1382 2344 lucius
1413 2325 1424 2342 ι
1454 2309 1491 2343 in
1519 2308 1671 2343 fundolis
1686 2322 1697 2342 s
