1861 2703
183 2209 268 2231 Peblis.

282 239 349 271 108
753 232 910 267 LIBER
938 232 1217 268 DOMICILII
1587 236 1689 270 1526.

279 331 450 368 Johannis
480 328 714 363 Donaldsoun
731 329 768 363 in
785 329 903 363 aueria
921 342 932 363 l
953 328 1054 375 Fabrj
1077 342 1088 363 t
1108 329 1376 363 Abbreuiatoris
1401 329 1658 377 Compotorum
1682 345 1693 364 l

280 408 406 455 Clericj
428 407 574 454 Dominj
596 406 817 442 Rotulatoris
836 424 847 441 ι
867 420 907 441 ac
926 406 1061 441 duobus
1079 407 1175 452 equis
1191 406 1356 452 Hugonis
1373 407 1396 442 J
1399 407 1603 442 ohnnesoun
1621 408 1693 454 cocj

278 485 476 533 principalis
496 498 507 518 Ι
526 490 561 519 et
579 484 715 518 duobus
733 485 829 530 equis
846 497 910 531 pro
928 483 1066 517 botellis
1086 489 1121 517 et
1137 483 1262 517 balistis
1279 483 1447 530 gestandis
1464 497 1475 518 l
1490 484 1546 531 quj
1562 484 1641 519 sunt
1660 485 1696 518 in

279 577 426 599 numero
444 563 674 609 quadraginta
685 562 838 607 quinque
857 563 934 608 equj
951 574 961 595 s
978 560 1132 606 quolibet
1144 573 1265 595 eorum
1281 561 1437 608 capiente
1451 575 1515 609 pro
1529 562 1648 597 auenis
1663 568 1696 596 et

280 644 360 677 feno
379 641 435 676 sex
455 640 614 675 denarios
633 640 669 674 in
687 640 793 674 nocte
810 652 874 686 pro
905 644 1063 685 tempore
1082 637 1193 672 estatis
1213 650 1224 671 l
1243 650 1378 672 summa
1395 639 1455 673 xix
1473 640 1498 674 fi
1517 639 1538 686 ij
1558 644 1572 674 ἒ
1589 642 1622 686 vj
1642 640 1665 674 d
1685 653 1696 673 l

282 721 374 754 Item
402 719 444 753 de
464 718 628 753 mandato
648 717 797 764 Dominj
826 717 937 763 Regis
966 717 1089 763 expen’
1119 715 1221 762 super
1252 716 1387 750 duobus
1405 717 1500 762 equis
1519 716 1697 763 Willielmj

284 796 524 844 Symmerwail
542 796 579 830 in
596 796 716 830 fauore
735 793 995 829 remanentibus
1025 794 1062 827 in
1094 793 1303 840 Edinburgh
1329 806 1392 841 per
1410 794 1544 829 dictum
1563 799 1700 841 tempus

284 875 498 923 capientibus
515 874 552 908 in
570 873 625 908 die
643 873 664 920 ij
684 877 699 907 ἔ
719 886 730 907 s
749 885 884 907 summa
904 872 1025 918 xxxiiij
1045 876 1070 905 ἔ.

756 950 898 985 Summa
915 950 999 984 xxix
1016 949 1041 983 ii
1059 949 1105 995 xij
1124 954 1139 983 ἓ
1157 949 1178 996 ij
1197 949 1231 984 d.

334 1108 431 1141 ITEM
445 1106 581 1141 allocat’
594 1105 690 1140 dic’co
701 1104 834 1140 Jacobo
848 1104 987 1139 Coluile
1003 1104 1260 1151 Compotorum
1275 1103 1480 1151 Rotulatorj
1497 1117 1561 1151 pro
1575 1105 1703 1152 pabuio

284 1184 341 1219 sex
372 1196 543 1231 equorum
570 1182 833 1217 remanencium
869 1182 903 1216 in
940 1181 1150 1228 Edinburgh
1178 1181 1222 1215 ad
1252 1187 1351 1216 extra
1368 1194 1388 1215 a
1407 1181 1541 1216 decimo
1561 1181 1703 1228 septimo

286 1262 434 1309 Augustj
451 1259 616 1295 inclufiue
628 1258 732 1306 vsque
746 1260 898 1306 primum
916 1258 1064 1305 Augustj
1082 1257 1254 1293 exelufiue
1269 1258 1326 1306 quj
1341 1258 1420 1293 sunt
1433 1259 1595 1293 vndecim
1610 1272 1705 1294 men-

285 1340 335 1375 ses
347 1345 381 1375 et
392 1338 636 1386 septemdecim
649 1337 721 1372 dies
737 1336 964 1372 Kellendales
985 1348 993 1371 Ι
1014 1337 1162 1383 capienti
1180 1349 1244 1383 pro
1262 1336 1417 1382 quolibet
1435 1349 1524 1382 equo
1536 1349 1705 1382 equorum

286 1417 555 1465 prescriptorum
574 1416 611 1450 in
629 1415 731 1450 estate
750 1415 809 1449 sex
827 1414 987 1449 denarios
1005 1427 1016 1448 l
1030 1418 1064 1448 et
1081 1426 1145 1461 pro
1163 1419 1321 1460 tempore
1339 1413 1461 1460 ymalis
1478 1414 1539 1459 vi3.
1557 1415 1593 1447 in
1611 1426 1707 1448 men-

286 1494 374 1529 fibus
392 1493 605 1529 Nouembris
625 1506 636 1527 s
655 1492 866 1527 Decembris
886 1504 897 1525 s
915 1491 1072 1537 Januarij
1091 1504 1102 1525 s
1118 1491 1297 1538 Februarij
1314 1504 1325 1525 l
1341 1496 1376 1525 et
1390 1490 1516 1538 Mei-cij
1532 1504 1543 1525 l
1558 1493 1615 1538 quj
1628 1490 1706 1525 sunt

288 1575 323 1606 in
341 1584 490 1606 numero
509 1576 562 1605 tot
580 1569 713 1605 menses
731 1575 768 1605 vt
784 1570 918 1604 dictum
931 1569 977 1603 est
988 1569 1142 1615 superius
1159 1581 1170 1602 s
1185 1581 1249 1615 pro
1263 1568 1419 1614 quolibet
1433 1581 1522 1614 equo
1537 1581 1706 1614 equorum

290 1649 560 1698 prescriptorum
578 1648 615 1682 in
633 1647 735 1681 dietis
760 1645 931 1681 mensibus
958 1645 1126 1692 ymalium
1157 1645 1342 1680 duodecim
1361 1645 1522 1680 denarios
1542 1659 1554 1680 l
1573 1658 1707 1680 summa

293 1727 408 1762 totalis
426 1725 593 1760 mensium
611 1738 761 1760 vnacum
791 1725 860 1771 xvij
893 1723 1014 1758 diebus
1040 1723 1297 1770 particulariter
1327 1723 1523 1758 examinata
1542 1723 1577 1757 in
1608 1723 1707 1758 dietis

292 1807 392 1853 super
413 1804 638 1852 Compotum.

800 1879 943 1914 Summa
959 1879 1056 1913 lxxix
1074 1879 1098 1913 ii
1116 1879 1161 1925 vij
1181 1883 1207 1913 ἔ.

370 2035 512 2070 Summa
528 2035 644 2069 totalis
663 2034 793 2069 Auerie
812 2039 955 2068 onerata
972 2032 1074 2080 super
1091 2032 1224 2068 Jacobo
1243 2031 1382 2067 Coluile
1403 2031 1445 2065 de
1464 2031 1633 2066 Vehiltre.

342 2192 496 2225 Dsscmo
516 2200 665 2224 OCTAUO
690 2188 795 2224 JUL11
825 2202 835 2221 l
863 2188 966 2235 Rege
994 2193 1198 2223 remanente
1222 2188 1259 2221 in
1285 2186 1399 2221 Peblis
1426 2198 1504 2220 cum
1532 2185 1587 2219 sex
1612 2186 1706 2231 equis

297 2267 447 2303 eiusdem
475 2266 688 2313 capientibus
706 2279 770 2313 pro
788 2267 907 2301 aueuis
927 2279 938 2300 s
957 2266 1038 2301 feno
1059 2279 1069 2299 s
1088 2277 1177 2313 pane
1205 2264 1331 2310 equino
1352 2276 1362 2297 t
1382 2268 1416 2297 et
1442 2262 1544 2297 feodo
1573 2261 1703 2308 Stabulj
