1861 2703
125 737 270 765 Edinhurgh,

295 239 363 271 100
749 231 907 267 LIBER
934 231 1212 267 DOMICILII
1604 235 1706 266 1525.

297 331 493 366 Dominum
514 329 649 375 Regem
668 341 730 375 per
746 328 894 363 sedecim
913 328 985 363 dies
1005 342 1015 363 l
1036 329 1071 362 in
1089 328 1209 362 auenis
1229 344 1238 361 s
1258 327 1340 362 feno
1368 340 1379 361 s
1409 332 1443 362 et
1464 339 1553 374 pane
1581 327 1708 373 equino

294 414 393 445 xxx&
412 422 422 442 l
443 407 535 442 Item
553 407 589 440 in
606 407 716 453 gagijs
731 406 814 453 dietj
833 406 979 453 Robertj
997 411 1031 440 et
1050 407 1098 453 suj
1115 405 1293 440 seruitoris
1309 422 1319 439 s
1335 405 1594 440 remanencium
1612 410 1709 439 extra

720 563 863 598 Summa
881 563 1028 609 pecunie
1047 563 1092 609 xij
1112 562 1135 597 ii
1155 563 1238 608 xviij
1258 566 1283 596 ἒ.

347 721 472 756 Pssmo
492 720 720 755 NoUEMBRxs
749 733 760 753 s
790 719 889 765 Rege
908 723 1112 753 remanente
1143 718 1179 751 in
1211 717 1419 763 Edinburgh
1439 729 1450 751 t
1471 718 1593 764 expen'
1611 716 1711 764 super

298 801 393 847 equis
411 798 563 834 eiusdem
580 811 592 833 l
606 798 681 845 iiij0=
693 797 850 844 Magistrj
872 796 1004 843 Stabulj
1023 810 1034 831 s
1048 796 1068 843 ij
1086 795 1242 842 Magistrj
1262 795 1395 830 Auerie
1416 812 1425 828 s
1445 796 1598 842 quinque
1617 795 1712 841 equis

300 879 517 915 Seruitorum
554 877 685 923 Stabulj
724 889 735 910 l
770 876 835 911 viz.
873 875 1020 922 Robertj
1058 875 1203 909 Purwes
1240 888 1250 908 t
1282 874 1429 909 Andree
1465 873 1684 908 Michelsoun
1701 887 1712 907 l

297 957 467 993 Johannis
499 955 643 989 Purwes
663 968 673 988 s
695 953 873 1001 Willielmj
907 953 1091 988 Galbraith
1121 966 1132 987 t
1160 959 1194 987 et
1224 953 1395 988 Johannis
1428 952 1525 998 Boge
1545 965 1556 987 l
1576 964 1713 986 necnon

296 1035 406 1070 tribus
426 1033 552 1080 Clericj
575 1033 832 1079 Compotorum
853 1044 863 1065 s
885 1032 905 1078 ij
929 1031 1074 1078 Robertj
1097 1031 1168 1065 Gib
1189 1047 1198 1065 ι
1218 1031 1292 1078 iiijor
1313 1031 1408 1076 equis
1440 1030 1714 1064 Senescallorum

297 1113 407 1158 Regis
426 1117 460 1146 et
479 1110 660 1157 Domicilij
682 1123 692 1143 s
713 1110 734 1156 ij
757 1109 904 1156 Henricj
929 1109 1060 1155 Kempt
1080 1122 1090 1142 l
1110 1109 1132 1156 ij
1156 1108 1334 1155 Willielmj
1356 1108 1449 1142 Wod
1478 1109 1520 1143 de
1550 1108 1714 1142 mandato

298 1190 444 1236 Dominj
470 1188 578 1235 Regis
598 1205 607 1221 κ
629 1201 668 1222 ac
699 1187 795 1233 equis
831 1186 1101 1221 Abbreuiatoris
1121 1186 1378 1233 Compotorum
1399 1200 1409 1219 Ι
1428 1185 1599 1221 ,Iohannis
1619 1184 1714 1219 Bane

297 1269 533 1314 sumpterman
553 1279 564 1300 l
585 1265 686 1313 Fabrj
718 1279 729 1299 l
759 1265 931 1300 Johannis
951 1264 1101 1311 Murray
1119 1264 1374 1299 barbetonsoris
1402 1263 1548 1311 Domiuj
1579 1263 1686 1310 Regis
1703 1278 1713 1297 s

298 1345 458 1392 Magistri
484 1344 605 1391 Jacobj
641 1343 798 1379 Haswell
830 1343 998 1390 capellanj
1033 1355 1044 1377 t
1076 1342 1248 1378 Johannis
1280 1342 1435 1377 Mccrere
1469 1342 1553 1389 fatnj
1587 1341 1712 1388 Clericj

299 1423 444 1470 Dominj
479 1422 700 1457 Rotulatoris
734 1435 745 1456 s
778 1421 876 1468 Paulj
909 1421 1104 1456 Gabbraith
1136 1419 1314 1455 seruitoris
1341 1433 1477 1455 camere
1507 1433 1517 1454 l
1544 1419 1715 1455 ,Iohannis

299 1500 533 1535 Donaldsoun
558 1501 594 1534 in
613 1499 733 1534 aueria
753 1513 763 1533 t
783 1504 818 1534 et
837 1512 906 1534 vno
927 1512 1017 1545 equo
1035 1511 1099 1545 pro
1117 1498 1270 1532 bottellis
1287 1497 1458 1544 gestandis
1476 1511 1487 1532 s
1507 1500 1563 1545 quj
1583 1497 1661 1532 sunt
1679 1499 1713 1531 in

299 1592 448 1613 numero
467 1578 699 1624 quadraginta
717 1577 793 1624 equj
815 1593 825 1610 ι
846 1576 1061 1623 capientibus
1080 1575 1253 1623 duplicem
1272 1574 1467 1609 menfiiram
1480 1576 1545 1609 viz.
1558 1575 1578 1622 ij
1594 1587 1714 1622 peccas

299 1669 491 1691 auenarum
512 1669 523 1689 l
544 1654 803 1689 remanentibus
830 1654 868 1688 in
895 1653 1103 1700 Edinburgh
1122 1666 1142 1687 a
1160 1653 1256 1687 dicto
1275 1653 1329 1688 die
1359 1654 1472 1700 primo
1501 1653 1714 1688 Nouembris

300 1733 464 1769 inclufiue
483 1732 586 1779 vsque
613 1733 764 1780 primum
792 1731 998 1766 Decembris
1029 1730 1200 1766 exclufiue
1219 1744 1231 1765 l
1250 1731 1307 1778 quj
1336 1730 1415 1766 sunt
1442 1731 1585 1778 trIginta
1614 1732 1712 1766 diess

301 1812 515 1860 capientibus
533 1812 569 1845 in
588 1811 643 1846 die
661 1824 683 1845 v
702 1811 813 1845 bollas
827 1822 1018 1845 auenarum
1049 1822 1057 1844 l
1086 1821 1221 1843 summa
1239 1810 1273 1843 ix
1292 1809 1408 1844 celdre
1426 1809 1458 1856 vj
1479 1808 1571 1843 bolle
1588 1822 1714 1844 auena-

299 1904 376 1926 rum
395 1891 494 1925 firme
514 1891 556 1925 de
575 1890 651 1924 Fiff.
704 1889 751 1924 Et
777 1894 861 1923 nota
887 1888 1047 1923 vndecim
1077 1890 1154 1935 equj
1184 1887 1331 1935 predictj
1361 1888 1538 1922 intrantur
1565 1888 1608 1922 de
1638 1900 1713 1935 pre-

300 1976 400 2016 cepto
421 1968 566 2015 Dominj
589 1968 698 2014 Regis
728 1980 790 2015 per
820 1967 938 2001 literas
970 1965 1044 2000 suas
1076 1978 1181 1999 manu
1211 1964 1413 2012 subscriptas
1441 1964 1586 2000 ostensas
1613 1964 1713 2013 iuper

302 2048 513 2093 Compotum
535 2060 545 2080 s
567 2046 657 2080 Item
676 2046 712 2079 in
730 2045 840 2092 gagijs
853 2044 921 2091 senj
939 2044 1040 2078 dictis
1055 2044 1149 2090 equis
1163 2056 1226 2090 per
1239 2043 1332 2078 idem
1346 2049 1484 2090 tempus
1496 2056 1543 2077 xx
1557 2044 1580 2078 ii
1597 2057 1608 2078 l
1623 2043 1711 2077 Item

301 2126 336 2158 in
355 2137 443 2171 pane
462 2124 590 2170 equino
610 2124 684 2170 iiij⁰r
706 2124 801 2169 equis
820 2123 966 2169 Dominj
989 2122 1097 2168 Regis
1115 2121 1150 2155 xl
1165 2127 1180 2156 ἔ
1195 2139 1205 2156 1
1223 2121 1314 2156 Item
1329 2122 1453 2169 expen'
1464 2122 1564 2169 super
1579 2121 1712 2157 duobus

304 2201 399 2247 equis
418 2200 604 2248 Archicocj
625 2213 687 2248 per
705 2200 796 2235 idem
814 2205 951 2246 tempus
970 2199 1006 2233 in
1024 2199 1144 2234 aueuis
1163 2204 1196 2233 et
1214 2199 1323 2247 gagijs
1341 2199 1410 2246 fenj
1430 2198 1464 2246 iij
1482 2200 1519 2234 ii.

783 2277 924 2312 Summa
941 2277 1088 2325 pecunie
1106 2290 1175 2313 xxv
1193 2277 1229 2312 ii.
