<?xml version="1.0" encoding="UTF-8"?>
<!DOCTYPE html PUBLIC "-//W3C//DTD XHTML 1.0 Transitional//EN"
    "http://www.w3.org/TR/xhtml1/DTD/xhtml1-transitional.dtd">
<html xmlns="http://www.w3.org/1999/xhtml" xml:lang="en" lang="en">
 <head>
  <title>
</title>
<meta http-equiv="Content-Type" content="text/html;charset=utf-8" />
  <meta name='ocr-system' content='tesseract 3.04.00' />
  <meta name='ocr-capabilities' content='ocr_page ocr_carea ocr_par ocr_line ocrx_word'/>
</head>
<body>
  <div class='ocr_page' id='page_1' title='image "./excerptaelibrisd00bann_0126.png"; bbox 0 0 1861 2703; ppageno 0'>
   <div class='ocr_carea' id='block_1_1' title="bbox 282 219 1695 256">
    <p class='ocr_par' dir='ltr' id='par_1_1' title="bbox 282 219 1695 256">
     <span class='ocr_line' id='line_1_1' title="bbox 282 219 1695 256; baseline -0.001 -1"><span class='ocrx_word' id='word_1_1' title='bbox 282 225 326 256; x_wconf 84' lang='lat' dir='ltr'>SS</span> <span class='ocrx_word' id='word_1_2' title='bbox 757 220 915 255; x_wconf 85' lang='lat' dir='ltr'>LIBER</span> <span class='ocrx_word' id='word_1_3' title='bbox 942 219 1220 255; x_wconf 91' lang='lat' dir='ltr'>DOMICILII</span> <span class='ocrx_word' id='word_1_4' title='bbox 1591 221 1695 254; x_wconf 66' lang='lat' dir='ltr'>15Q6.</span> 
     </span>
    </p>
   </div>
   <div class='ocr_carea' id='block_1_2' title="bbox 282 315 1697 675">
    <p class='ocr_par' dir='ltr' id='par_1_2' title="bbox 283 315 1697 519">
     <span class='ocr_line' id='line_1_2' title="bbox 283 315 1697 364; baseline -0.001 -13"><span class='ocrx_word' id='word_1_5' title='bbox 283 318 374 352; x_wconf 83' lang='lat' dir='ltr'>Item</span> <span class='ocrx_word' id='word_1_6' title='bbox 403 318 507 364; x_wconf 86' lang='lat' dir='ltr'>empt&#39;</span> <span class='ocrx_word' id='word_1_7' title='bbox 534 329 596 363; x_wconf 87' lang='lat' dir='ltr'>per</span> <span class='ocrx_word' id='word_1_8' title='bbox 630 316 876 352; x_wconf 85' lang='lat' dir='ltr'>Rotulatorem</span> <span class='ocrx_word' id='word_1_9' title='bbox 907 317 949 351; x_wconf 91' lang='lat' dir='ltr'>de</span> <span class='ocrx_word' id='word_1_10' title='bbox 980 316 1169 351; x_wconf 74' lang='lat' dir='ltr'>willielmo</span> <span class='ocrx_word' id='word_1_11' title='bbox 1192 315 1363 362; x_wconf 80' lang='lat' dir='ltr'>Wasseing</span> <span class='ocrx_word' id='word_1_12' title='bbox 1393 321 1632 350; x_wconf 81' lang='lat' dir='ltr'>commorante</span> <span class='ocrx_word' id='word_1_13' title='bbox 1661 316 1697 349; x_wconf 91' lang='lat' dir='ltr'>in</span> 
     </span>
     <span class='ocr_line' id='line_1_3' title="bbox 330 393 1696 441; baseline -0.001 -13"><span class='ocrx_word' id='word_1_14' title='bbox 330 395 476 429; x_wconf 78' lang='lat' dir='ltr'>Francia</span> <span class='ocrx_word' id='word_1_15' title='bbox 493 394 527 441; x_wconf 88' lang='lat' dir='ltr'>iij</span> <span class='ocrx_word' id='word_1_16' title='bbox 548 394 640 429; x_wconf 82' lang='lat' dir='ltr'>dolia</span> <span class='ocrx_word' id='word_1_17' title='bbox 656 394 678 440; x_wconf 86' lang='lat' dir='ltr'>ij</span> <span class='ocrx_word' id='word_1_18' title='bbox 698 394 905 441; x_wconf 79' lang='lat' dir='ltr'>pounfiones</span> <span class='ocrx_word' id='word_1_19' title='bbox 923 395 993 441; x_wconf 81' lang='lat' dir='ltr'>vinj</span> <span class='ocrx_word' id='word_1_20' title='bbox 1014 395 1132 441; x_wconf 84' lang='lat' dir='ltr'>claretj</span> <span class='ocrx_word' id='word_1_21' title='bbox 1153 400 1186 428; x_wconf 91' lang='lat' dir='ltr'>et</span> <span class='ocrx_word' id='word_1_22' title='bbox 1205 394 1270 441; x_wconf 83' lang='lat' dir='ltr'>albj</span> <span class='ocrx_word' id='word_1_23' title='bbox 1290 394 1402 428; x_wconf 81' lang='lat' dir='ltr'>locata</span> <span class='ocrx_word' id='word_1_24' title='bbox 1421 394 1456 427; x_wconf 90' lang='lat' dir='ltr'>in</span> <span class='ocrx_word' id='word_1_25' title='bbox 1482 393 1696 428; x_wconf 83' lang='lat' dir='ltr'>Monasterio</span> 
     </span>
     <span class='ocr_line' id='line_1_4' title="bbox 330 472 1692 519; baseline -0.001 -12"><span class='ocrx_word' id='word_1_26' title='bbox 330 474 458 507; x_wconf 47' lang='lat' dir='ltr'>Sancte</span> <span class='ocrx_word' id='word_1_27' title='bbox 477 472 601 507; x_wconf 78' lang='lat' dir='ltr'>Crucis</span> <span class='ocrx_word' id='word_1_28' title='bbox 621 489 632 506; x_wconf 74' lang='lat' dir='ltr'><strong><em>s</em></strong></span> <span class='ocrx_word' id='word_1_29' title='bbox 651 473 746 519; x_wconf 82' lang='lat' dir='ltr'>price</span> <span class='ocrx_word' id='word_1_30' title='bbox 766 472 848 519; x_wconf 89' lang='lat' dir='ltr'>dolij</span> <span class='ocrx_word' id='word_1_31' title='bbox 869 473 926 518; x_wconf 83' lang='lat' dir='ltr'>xxj</span> <span class='ocrx_word' id='word_1_32' title='bbox 947 473 971 506; x_wconf 77' lang='lat' dir='ltr'>fi</span> <span class='ocrx_word' id='word_1_33' title='bbox 991 486 1001 506; x_wconf 84' lang='lat' dir='ltr'>l</span> <span class='ocrx_word' id='word_1_34' title='bbox 1023 485 1158 506; x_wconf 81' lang='lat' dir='ltr'>summa</span> <span class='ocrx_word' id='word_1_35' title='bbox 1305 498 1312 505; x_wconf 94' lang='lat'>.</span> <span class='ocrx_word' id='word_1_36' title='bbox 1446 472 1563 518; x_wconf 84' lang='lat' dir='ltr'>lxxviij</span> <span class='ocrx_word' id='word_1_37' title='bbox 1584 473 1608 506; x_wconf 77' lang='lat' dir='ltr'>fl</span> <span class='ocrx_word' id='word_1_38' title='bbox 1626 486 1649 505; x_wconf 85' lang='lat' dir='ltr'>x</span> <span class='ocrx_word' id='word_1_39' title='bbox 1668 476 1692 505; x_wconf 71' lang='grc' dir='ltr'>ἔ.</span> 
     </span>
    </p>

    <p class='ocr_par' dir='ltr' id='par_1_3' title="bbox 282 539 1693 597">
     <span class='ocr_line' id='line_1_5' title="bbox 282 539 1693 597; baseline -0.001 -12"><span class='ocrx_word' id='word_1_40' title='bbox 282 552 372 585; x_wconf 85' lang='lat' dir='ltr'>Item</span> <span class='ocrx_word' id='word_1_41' title='bbox 386 552 489 597; x_wconf 83' lang='lat' dir='ltr'>empt’</span> <span class='ocrx_word' id='word_1_42' title='bbox 499 539 735 585; x_wconf 68' lang='lat' dir='ltr'>deWillielmo</span> <span class='ocrx_word' id='word_1_43' title='bbox 744 548 1357 596; x_wconf 78' lang='lat' dir='ltr'>sandersounvjterfi11giseonfimilis</span> <span class='ocrx_word' id='word_1_44' title='bbox 1365 550 1449 596; x_wconf 70' lang='lat' dir='ltr'>vinjf</span> <span class='ocrx_word' id='word_1_45' title='bbox 1459 550 1553 596; x_wconf 85' lang='lat' dir='ltr'>price</span> <span class='ocrx_word' id='word_1_46' title='bbox 1560 551 1693 596; x_wconf 70' lang='lat' dir='ltr'>xxxijii.</span> 
     </span>
    </p>

    <p class='ocr_par' dir='ltr' id='par_1_4' title="bbox 284 626 1693 675">
     <span class='ocr_line' id='line_1_6' title="bbox 284 626 1693 675; baseline -0.001 -13"><span class='ocrx_word' id='word_1_47' title='bbox 284 630 372 662; x_wconf 90' lang='lat' dir='ltr'>Item</span> <span class='ocrx_word' id='word_1_48' title='bbox 387 628 486 663; x_wconf 80' lang='lat' dir='ltr'>solut’</span> <span class='ocrx_word' id='word_1_49' title='bbox 494 628 516 664; x_wconf 86' lang='lat' dir='ltr'><strong>J</strong></span> <span class='ocrx_word' id='word_1_50' title='bbox 519 628 647 675; x_wconf 84' lang='lat' dir='ltr'>ohannj</span> <span class='ocrx_word' id='word_1_51' title='bbox 657 628 818 674; x_wconf 77' lang='lat' dir='ltr'>Douglas</span> <span class='ocrx_word' id='word_1_52' title='bbox 830 641 893 675; x_wconf 90' lang='lat' dir='ltr'>pro</span> <span class='ocrx_word' id='word_1_53' title='bbox 906 628 1056 674; x_wconf 80' lang='lat' dir='ltr'>cariagio</span> <span class='ocrx_word' id='word_1_54' title='bbox 1069 627 1152 674; x_wconf 61' lang='lat' dir='ltr'>dictj</span> <span class='ocrx_word' id='word_1_55' title='bbox 1167 627 1237 673; x_wconf 89' lang='lat' dir='ltr'>vinj</span> <span class='ocrx_word' id='word_1_56' title='bbox 1255 627 1297 661; x_wconf 85' lang='lat' dir='ltr'>de</span> <span class='ocrx_word' id='word_1_57' title='bbox 1311 626 1414 661; x_wconf 86' lang='lat' dir='ltr'>Leith</span> <span class='ocrx_word' id='word_1_58' title='bbox 1428 626 1545 661; x_wconf 88' lang='lat' dir='ltr'>versus</span> <span class='ocrx_word' id='word_1_59' title='bbox 1554 627 1693 661; x_wconf 83' lang='lat' dir='ltr'>Monas-</span> 
     </span>
    </p>
   </div>
   <div class='ocr_carea' id='block_1_3' title="bbox 328 704 1695 751">
    <p class='ocr_par' dir='ltr' id='par_1_5' title="bbox 328 704 1695 751">
     <span class='ocr_line' id='line_1_7' title="bbox 328 704 1695 751; baseline -0.002 -10"><span class='ocrx_word' id='word_1_60' title='bbox 328 708 454 741; x_wconf 83' lang='lat' dir='ltr'>terium</span> <span class='ocrx_word' id='word_1_61' title='bbox 464 707 660 742; x_wconf 78' lang='lat' dir='ltr'>svehitione</span> <span class='ocrx_word' id='word_1_62' title='bbox 672 707 707 741; x_wconf 88' lang='lat' dir='ltr'>in</span> <span class='ocrx_word' id='word_1_63' title='bbox 719 707 877 741; x_wconf 81' lang='lat' dir='ltr'>curribus</span> <span class='ocrx_word' id='word_1_64' title='bbox 886 720 896 740; x_wconf 77' lang='grc' dir='ltr'><em>Ι</em></span> <span class='ocrx_word' id='word_1_65' title='bbox 905 719 944 740; x_wconf 82' lang='lat' dir='ltr'>ac</span> <span class='ocrx_word' id='word_1_66' title='bbox 955 706 1129 740; x_wconf 83' lang='lat' dir='ltr'>locatione</span> <span class='ocrx_word' id='word_1_67' title='bbox 1141 704 1293 740; x_wconf 87' lang='lat' dir='ltr'>eiusdem</span> <span class='ocrx_word' id='word_1_68' title='bbox 1306 706 1341 739; x_wconf 88' lang='lat' dir='ltr'>in</span> <span class='ocrx_word' id='word_1_69' title='bbox 1356 705 1504 751; x_wconf 82' lang='lat' dir='ltr'>cellarijs</span> <span class='ocrx_word' id='word_1_70' title='bbox 1516 707 1596 751; x_wconf 85' lang='lat' dir='ltr'>xxxj</span> <span class='ocrx_word' id='word_1_71' title='bbox 1607 710 1621 740; x_wconf 71' lang='grc' dir='ltr'>ἔ</span> <span class='ocrx_word' id='word_1_72' title='bbox 1633 706 1695 739; x_wconf 83' lang='lat' dir='ltr'>xd.</span> 
     </span>
    </p>
   </div>
   <div class='ocr_carea' id='block_1_4' title="bbox 198 782 1695 832">
    <p class='ocr_par' dir='ltr' id='par_1_6' title="bbox 198 782 1695 832">
     <span class='ocr_line' id='line_1_8' title="bbox 198 782 1695 832; baseline -0.002 -13"><span class='ocrx_word' id='word_1_73' title='bbox 198 788 257 815; x_wconf 60' lang='lat'>&#39;12¹1&#39;-</span> <span class='ocrx_word' id='word_1_74' title='bbox 283 785 374 820; x_wconf 91' lang='lat' dir='ltr'>Item</span> <span class='ocrx_word' id='word_1_75' title='bbox 393 786 498 832; x_wconf 80' lang='lat' dir='ltr'>empt’</span> <span class='ocrx_word' id='word_1_76' title='bbox 517 785 559 818; x_wconf 93' lang='lat' dir='ltr'>de</span> <span class='ocrx_word' id='word_1_77' title='bbox 580 784 736 818; x_wconf 76' lang='lat' dir='ltr'>VValtero</span> <span class='ocrx_word' id='word_1_78' title='bbox 757 783 941 831; x_wconf 86' lang='lat' dir='ltr'>Chepman</span> <span class='ocrx_word' id='word_1_79' title='bbox 969 797 979 817; x_wconf 76' lang='grc' dir='ltr'><em>Ι</em></span> <span class='ocrx_word' id='word_1_80' title='bbox 1008 783 1119 831; x_wconf 84' lang='lat' dir='ltr'>xxvij⁰</span> <span class='ocrx_word' id='word_1_81' title='bbox 1142 783 1267 830; x_wconf 87' lang='lat' dir='ltr'>Mercij</span> <span class='ocrx_word' id='word_1_82' title='bbox 1290 797 1301 817; x_wconf 79' lang='lat' dir='ltr'><em>s</em></span> <span class='ocrx_word' id='word_1_83' title='bbox 1322 783 1354 829; x_wconf 87' lang='lat' dir='ltr'>iij</span> <span class='ocrx_word' id='word_1_84' title='bbox 1376 783 1490 828; x_wconf 80' lang='lat' dir='ltr'>lagine</span> <span class='ocrx_word' id='word_1_85' title='bbox 1521 782 1542 829; x_wconf 89' lang='lat' dir='ltr'>ij</span> <span class='ocrx_word' id='word_1_86' title='bbox 1575 788 1695 828; x_wconf 86' lang='lat' dir='ltr'>quarte</span> 
     </span>
    </p>
   </div>
   <div class='ocr_carea' id='block_1_5' title="bbox 274 860 1695 2232">
    <p class='ocr_par' dir='ltr' id='par_1_7' title="bbox 280 860 1695 1297">
     <span class='ocr_line' id='line_1_9' title="bbox 326 860 1694 909; baseline -0.002 -13"><span class='ocrx_word' id='word_1_87' title='bbox 326 864 396 909; x_wconf 79' lang='lat' dir='ltr'>viiij</span> <span class='ocrx_word' id='word_1_88' title='bbox 419 863 538 908; x_wconf 80' lang='lat' dir='ltr'>claretj</span> <span class='ocrx_word' id='word_1_89' title='bbox 560 876 570 896; x_wconf 80' lang='lat' dir='ltr'><em>s</em></span> <span class='ocrx_word' id='word_1_90' title='bbox 590 863 684 909; x_wconf 84' lang='lat' dir='ltr'>price</span> <span class='ocrx_word' id='word_1_91' title='bbox 702 862 821 908; x_wconf 65' lang='lat' dir='ltr'>pinc‘ce</span> <span class='ocrx_word' id='word_1_92' title='bbox 840 875 862 895; x_wconf 88' lang='lat' dir='ltr'>x</span> <span class='ocrx_word' id='word_1_93' title='bbox 879 862 904 897; x_wconf 83' lang='lat' dir='ltr'>d</span> <span class='ocrx_word' id='word_1_94' title='bbox 923 874 934 895; x_wconf 86' lang='lat' dir='ltr'>l</span> <span class='ocrx_word' id='word_1_95' title='bbox 954 874 1088 895; x_wconf 83' lang='lat' dir='ltr'>summa</span> <span class='ocrx_word' id='word_1_96' title='bbox 1267 887 1274 894; x_wconf 93' lang='lat'>.</span> <span class='ocrx_word' id='word_1_97' title='bbox 1461 860 1543 907; x_wconf 80' lang='lat' dir='ltr'>xxiij</span> <span class='ocrx_word' id='word_1_98' title='bbox 1564 865 1578 895; x_wconf 70' lang='grc' dir='ltr'>Ξ</span> <span class='ocrx_word' id='word_1_99' title='bbox 1595 861 1641 906; x_wconf 79' lang='lat' dir='ltr'>iiij</span> <span class='ocrx_word' id='word_1_100' title='bbox 1661 861 1694 894; x_wconf 74' lang='lat' dir='ltr'>d.</span> 
     </span>
     <span class='ocr_line' id='line_1_10' title="bbox 281 937 1695 987; baseline -0.003 -12"><span class='ocrx_word' id='word_1_101' title='bbox 281 942 370 975; x_wconf 83' lang='lat' dir='ltr'>Item</span> <span class='ocrx_word' id='word_1_102' title='bbox 402 954 464 987; x_wconf 87' lang='lat' dir='ltr'>per</span> <span class='ocrx_word' id='word_1_103' title='bbox 494 940 741 974; x_wconf 83' lang='lat' dir='ltr'>Rotulatorem</span> <span class='ocrx_word' id='word_1_104' title='bbox 771 940 814 973; x_wconf 86' lang='lat' dir='ltr'>de</span> <span class='ocrx_word' id='word_1_105' title='bbox 846 939 1054 973; x_wconf 82' lang='lat' dir='ltr'>Alexandro</span> <span class='ocrx_word' id='word_1_106' title='bbox 1087 938 1219 972; x_wconf 83' lang='lat' dir='ltr'>Lambe</span> <span class='ocrx_word' id='word_1_107' title='bbox 1245 952 1255 972; x_wconf 75' lang='lat' dir='ltr'><em>J</em></span> <span class='ocrx_word' id='word_1_108' title='bbox 1280 939 1403 972; x_wconf 85' lang='lat' dir='ltr'>vltimo</span> <span class='ocrx_word' id='word_1_109' title='bbox 1435 937 1560 985; x_wconf 80' lang='lat' dir='ltr'>Mercij</span> <span class='ocrx_word' id='word_1_110' title='bbox 1582 952 1592 971; x_wconf 78' lang='lat' dir='ltr'><em>s</em></span> <span class='ocrx_word' id='word_1_111' title='bbox 1613 951 1695 985; x_wconf 67' lang='lat' dir='ltr'>erga</span> 
     </span>
     <span class='ocr_line' id='line_1_11' title="bbox 326 1015 1695 1065; baseline -0.001 -13"><span class='ocrx_word' id='word_1_112' title='bbox 326 1018 559 1065; x_wconf 78' lang='lat' dir='ltr'>prouiiionem</span> <span class='ocrx_word' id='word_1_113' title='bbox 579 1017 705 1051; x_wconf 82' lang='lat' dir='ltr'>Pasche</span> <span class='ocrx_word' id='word_1_114' title='bbox 725 1017 746 1063; x_wconf 85' lang='lat' dir='ltr'>ij</span> <span class='ocrx_word' id='word_1_115' title='bbox 767 1017 858 1050; x_wconf 79' lang='lat' dir='ltr'>dolia</span> <span class='ocrx_word' id='word_1_116' title='bbox 876 1016 910 1063; x_wconf 84' lang='lat' dir='ltr'>iij</span> <span class='ocrx_word' id='word_1_117' title='bbox 931 1015 1138 1063; x_wconf 85' lang='lat' dir='ltr'>pounfiones</span> <span class='ocrx_word' id='word_1_118' title='bbox 1164 1016 1234 1062; x_wconf 80' lang='lat' dir='ltr'>vinj</span> <span class='ocrx_word' id='word_1_119' title='bbox 1266 1016 1384 1062; x_wconf 75' lang='lat' dir='ltr'>claretj</span> <span class='ocrx_word' id='word_1_120' title='bbox 1418 1022 1452 1050; x_wconf 87' lang='lat' dir='ltr'>et</span> <span class='ocrx_word' id='word_1_121' title='bbox 1483 1016 1549 1063; x_wconf 81' lang='lat' dir='ltr'>albj</span> <span class='ocrx_word' id='word_1_122' title='bbox 1571 1030 1582 1050; x_wconf 76' lang='lat' dir='ltr'>t</span> <span class='ocrx_word' id='word_1_123' title='bbox 1601 1018 1695 1063; x_wconf 83' lang='lat' dir='ltr'>price</span> 
     </span>
     <span class='ocr_line' id='line_1_12' title="bbox 328 1094 1694 1142; baseline -0.001 -12"><span class='ocrx_word' id='word_1_124' title='bbox 328 1095 552 1142; x_wconf 81' lang='lat' dir='ltr'>pounfiounis</span> <span class='ocrx_word' id='word_1_125' title='bbox 570 1095 616 1141; x_wconf 90' lang='lat' dir='ltr'>iiij</span> <span class='ocrx_word' id='word_1_126' title='bbox 636 1095 661 1129; x_wconf 78' lang='lat' dir='ltr'><strong>fi</strong></span> <span class='ocrx_word' id='word_1_127' title='bbox 680 1106 702 1127; x_wconf 88' lang='lat' dir='ltr'>v</span> <span class='ocrx_word' id='word_1_128' title='bbox 722 1100 736 1129; x_wconf 68' lang='grc' dir='ltr'><strong>ἔ</strong></span> <span class='ocrx_word' id='word_1_129' title='bbox 756 1108 766 1127; x_wconf 87' lang='lat' dir='ltr'>l</span> <span class='ocrx_word' id='word_1_130' title='bbox 786 1106 921 1127; x_wconf 82' lang='lat' dir='ltr'>summa</span> <span class='ocrx_word' id='word_1_131' title='bbox 1117 1120 1125 1126; x_wconf 90' lang='lat'><em>.</em></span> <span class='ocrx_word' id='word_1_132' title='bbox 1300 1120 1307 1127; x_wconf 85' lang='grc'><strong>.</strong></span> <span class='ocrx_word' id='word_1_133' title='bbox 1471 1094 1540 1140; x_wconf 86' lang='lat' dir='ltr'>xlvj</span> <span class='ocrx_word' id='word_1_134' title='bbox 1560 1095 1585 1128; x_wconf 78' lang='lat' dir='ltr'>fi</span> <span class='ocrx_word' id='word_1_135' title='bbox 1603 1106 1649 1128; x_wconf 85' lang='lat' dir='ltr'>xv</span> <span class='ocrx_word' id='word_1_136' title='bbox 1669 1100 1694 1129; x_wconf 66' lang='grc' dir='ltr'>Ξ.</span> 
     </span>
     <span class='ocr_line' id='line_1_13' title="bbox 280 1170 1693 1219; baseline -0.001 -11"><span class='ocrx_word' id='word_1_137' title='bbox 280 1174 337 1209; x_wconf 86' lang='lat' dir='ltr'>De</span> <span class='ocrx_word' id='word_1_138' title='bbox 357 1173 518 1219; x_wconf 87' lang='lat' dir='ltr'>[quibus]</span> <span class='ocrx_word' id='word_1_139' title='bbox 536 1173 700 1207; x_wconf 82' lang='lat' dir='ltr'>locantur</span> <span class='ocrx_word' id='word_1_140' title='bbox 718 1173 754 1206; x_wconf 91' lang='lat' dir='ltr'>in</span> <span class='ocrx_word' id='word_1_141' title='bbox 774 1171 988 1205; x_wconf 78' lang='lat' dir='ltr'>Monasterio</span> <span class='ocrx_word' id='word_1_142' title='bbox 1009 1171 1136 1205; x_wconf 64' lang='lat' dir='ltr'>Sancte</span> <span class='ocrx_word' id='word_1_143' title='bbox 1156 1170 1280 1205; x_wconf 81' lang='lat' dir='ltr'>Crucis</span> <span class='ocrx_word' id='word_1_144' title='bbox 1297 1171 1330 1217; x_wconf 84' lang='lat' dir='ltr'>iij</span> <span class='ocrx_word' id='word_1_145' title='bbox 1352 1170 1583 1218; x_wconf 72' lang='lat' dir='ltr'>pounfiounes</span> <span class='ocrx_word' id='word_1_146' title='bbox 1598 1173 1667 1218; x_wconf 78' lang='lat' dir='ltr'>vinj</span> <span class='ocrx_word' id='word_1_147' title='bbox 1684 1186 1693 1206; x_wconf 77' lang='lat' dir='ltr'><strong><em>s</em></strong></span> 
     </span>
     <span class='ocr_line' id='line_1_14' title="bbox 327 1248 1420 1297; baseline -0.004 -11"><span class='ocrx_word' id='word_1_148' title='bbox 327 1258 360 1286; x_wconf 87' lang='lat' dir='ltr'>et</span> <span class='ocrx_word' id='word_1_149' title='bbox 378 1251 552 1286; x_wconf 87' lang='lat' dir='ltr'>refiduum</span> <span class='ocrx_word' id='word_1_150' title='bbox 570 1251 634 1285; x_wconf 91' lang='lat' dir='ltr'>viz.</span> <span class='ocrx_word' id='word_1_151' title='bbox 654 1250 674 1297; x_wconf 86' lang='lat' dir='ltr'>ij</span> <span class='ocrx_word' id='word_1_152' title='bbox 696 1250 788 1284; x_wconf 85' lang='lat' dir='ltr'>dolia</span> <span class='ocrx_word' id='word_1_153' title='bbox 806 1251 876 1295; x_wconf 85' lang='lat' dir='ltr'>vinj</span> <span class='ocrx_word' id='word_1_154' title='bbox 899 1263 909 1282; x_wconf 79' lang='lat' dir='ltr'><em>s</em></span> <span class='ocrx_word' id='word_1_155' title='bbox 930 1249 1063 1282; x_wconf 84' lang='lat' dir='ltr'>mifl&#39;um</span> <span class='ocrx_word' id='word_1_156' title='bbox 1082 1249 1198 1283; x_wconf 87' lang='lat' dir='ltr'>versus</span> <span class='ocrx_word' id='word_1_157' title='bbox 1217 1248 1420 1295; x_wconf 80' lang='lat' dir='ltr'>Striueling.</span> 
     </span>
    </p>

    <p class='ocr_par' dir='ltr' id='par_1_8' title="bbox 280 1327 1695 1530">
     <span class='ocr_line' id='line_1_15' title="bbox 280 1327 1695 1375; baseline -0.001 -12"><span class='ocrx_word' id='word_1_158' title='bbox 280 1331 369 1364; x_wconf 82' lang='lat' dir='ltr'>Item</span> <span class='ocrx_word' id='word_1_159' title='bbox 402 1329 500 1363; x_wconf 81' lang='lat' dir='ltr'>solut‘</span> <span class='ocrx_word' id='word_1_160' title='bbox 518 1328 671 1375; x_wconf 86' lang='lat' dir='ltr'>Johannj</span> <span class='ocrx_word' id='word_1_161' title='bbox 693 1327 854 1373; x_wconf 81' lang='lat' dir='ltr'>Douglas</span> <span class='ocrx_word' id='word_1_162' title='bbox 871 1339 935 1374; x_wconf 87' lang='lat' dir='ltr'>pro</span> <span class='ocrx_word' id='word_1_163' title='bbox 955 1327 1173 1361; x_wconf 62' lang='lat' dir='ltr'>extractione</span> <span class='ocrx_word' id='word_1_164' title='bbox 1192 1328 1297 1361; x_wconf 82' lang='lat' dir='ltr'>trium</span> <span class='ocrx_word' id='word_1_165' title='bbox 1330 1327 1504 1361; x_wconf 88' lang='lat' dir='ltr'>doliorum</span> <span class='ocrx_word' id='word_1_166' title='bbox 1531 1328 1572 1361; x_wconf 87' lang='lat' dir='ltr'>de</span> <span class='ocrx_word' id='word_1_167' title='bbox 1599 1329 1695 1362; x_wconf 83' lang='lat' dir='ltr'>naui-</span> 
     </span>
     <span class='ocr_line' id='line_1_16' title="bbox 326 1404 1693 1453; baseline -0.001 -12"><span class='ocrx_word' id='word_1_168' title='bbox 326 1408 388 1442; x_wconf 77' lang='lat' dir='ltr'>bus</span> <span class='ocrx_word' id='word_1_169' title='bbox 407 1414 441 1441; x_wconf 87' lang='lat' dir='ltr'>et</span> <span class='ocrx_word' id='word_1_170' title='bbox 459 1406 676 1453; x_wconf 79' lang='lat' dir='ltr'>impositione</span> <span class='ocrx_word' id='word_1_171' title='bbox 702 1406 739 1439; x_wconf 88' lang='lat' dir='ltr'>in</span> <span class='ocrx_word' id='word_1_172' title='bbox 765 1405 913 1451; x_wconf 77' lang='lat' dir='ltr'>cellarijs</span> <span class='ocrx_word' id='word_1_173' title='bbox 939 1405 1033 1451; x_wconf 82' lang='lat' dir='ltr'>apud</span> <span class='ocrx_word' id='word_1_174' title='bbox 1059 1404 1163 1439; x_wconf 84' lang='lat' dir='ltr'>Leith</span> <span class='ocrx_word' id='word_1_175' title='bbox 1184 1418 1193 1438; x_wconf 82' lang='lat' dir='ltr'><em>s</em></span> <span class='ocrx_word' id='word_1_176' title='bbox 1215 1406 1364 1451; x_wconf 73' lang='lat' dir='ltr'>cariagio</span> <span class='ocrx_word' id='word_1_177' title='bbox 1384 1406 1426 1439; x_wconf 87' lang='lat' dir='ltr'>de</span> <span class='ocrx_word' id='word_1_178' title='bbox 1454 1405 1558 1440; x_wconf 79' lang='lat' dir='ltr'>Leith</span> <span class='ocrx_word' id='word_1_179' title='bbox 1578 1407 1693 1440; x_wconf 77' lang='lat' dir='ltr'>versus</span> 
     </span>
     <span class='ocr_line' id='line_1_17' title="bbox 326 1482 1692 1530; baseline -0.001 -11"><span class='ocrx_word' id='word_1_180' title='bbox 326 1485 578 1520; x_wconf 77' lang='lat' dir='ltr'>Monasterium</span> <span class='ocrx_word' id='word_1_181' title='bbox 598 1497 637 1518; x_wconf 82' lang='lat' dir='ltr'>ac</span> <span class='ocrx_word' id='word_1_182' title='bbox 654 1484 832 1519; x_wconf 82' lang='lat' dir='ltr'>vehitione</span> <span class='ocrx_word' id='word_1_183' title='bbox 849 1483 886 1516; x_wconf 88' lang='lat' dir='ltr'>in</span> <span class='ocrx_word' id='word_1_184' title='bbox 904 1482 1063 1517; x_wconf 84' lang='lat' dir='ltr'>curribus</span> <span class='ocrx_word' id='word_1_185' title='bbox 1268 1509 1276 1516; x_wconf 94' lang='lat'><strong>.</strong></span> <span class='ocrx_word' id='word_1_186' title='bbox 1482 1483 1540 1529; x_wconf 91' lang='lat' dir='ltr'>viij</span> <span class='ocrx_word' id='word_1_187' title='bbox 1559 1488 1574 1518; x_wconf 73' lang='grc' dir='ltr'>’ὲ</span> <span class='ocrx_word' id='word_1_188' title='bbox 1593 1484 1638 1530; x_wconf 81' lang='lat' dir='ltr'>iiij</span> <span class='ocrx_word' id='word_1_189' title='bbox 1658 1484 1692 1518; x_wconf 77' lang='lat' dir='ltr'>d.</span> 
     </span>
    </p>

    <p class='ocr_par' dir='ltr' id='par_1_9' title="bbox 278 1560 1692 1686">
     <span class='ocr_line' id='line_1_18' title="bbox 278 1560 1692 1610; baseline -0.001 -12"><span class='ocrx_word' id='word_1_190' title='bbox 278 1564 366 1598; x_wconf 86' lang='lat' dir='ltr'>Item</span> <span class='ocrx_word' id='word_1_191' title='bbox 387 1576 450 1610; x_wconf 86' lang='lat' dir='ltr'>pro</span> <span class='ocrx_word' id='word_1_192' title='bbox 470 1563 619 1608; x_wconf 80' lang='lat' dir='ltr'>cariagio</span> <span class='ocrx_word' id='word_1_193' title='bbox 639 1562 790 1595; x_wconf 87' lang='lat' dir='ltr'>duorum</span> <span class='ocrx_word' id='word_1_194' title='bbox 809 1560 982 1594; x_wconf 86' lang='lat' dir='ltr'>doliorum</span> <span class='ocrx_word' id='word_1_195' title='bbox 1003 1560 1046 1594; x_wconf 91' lang='lat' dir='ltr'>de</span> <span class='ocrx_word' id='word_1_196' title='bbox 1071 1566 1176 1607; x_wconf 88' lang='lat' dir='ltr'>portu</span> <span class='ocrx_word' id='word_1_197' title='bbox 1208 1561 1250 1594; x_wconf 90' lang='lat' dir='ltr'>de</span> <span class='ocrx_word' id='word_1_198' title='bbox 1283 1561 1474 1607; x_wconf 77' lang='lat' dir='ltr'>Striueling</span> <span class='ocrx_word' id='word_1_199' title='bbox 1491 1561 1608 1595; x_wconf 81' lang='lat' dir='ltr'>versus</span> <span class='ocrx_word' id='word_1_200' title='bbox 1626 1562 1692 1596; x_wconf 78' lang='lat' dir='ltr'>cas-</span> 
     </span>
     <span class='ocr_line' id='line_1_19' title="bbox 323 1639 1689 1686; baseline -0.001 -12"><span class='ocrx_word' id='word_1_201' title='bbox 323 1648 415 1675; x_wconf 86' lang='lat' dir='ltr'>trum</span> <span class='ocrx_word' id='word_1_202' title='bbox 435 1639 586 1674; x_wconf 80' lang='lat' dir='ltr'>eiusdem</span> <span class='ocrx_word' id='word_1_203' title='bbox 782 1664 790 1671; x_wconf 92' lang='lat'><strong><em>.</em></strong></span> <span class='ocrx_word' id='word_1_204' title='bbox 1034 1664 1041 1671; x_wconf 94' lang='lat'>.</span> <span class='ocrx_word' id='word_1_205' title='bbox 1310 1664 1317 1671; x_wconf 90' lang='lat'><strong>.</strong></span> <span class='ocrx_word' id='word_1_206' title='bbox 1518 1652 1539 1672; x_wconf 93' lang='lat' dir='ltr'>v</span> <span class='ocrx_word' id='word_1_207' title='bbox 1556 1644 1572 1674; x_wconf 71' lang='grc' dir='ltr'><strong>ἓ</strong></span> <span class='ocrx_word' id='word_1_208' title='bbox 1588 1640 1635 1686; x_wconf 84' lang='lat' dir='ltr'>iiij</span> <span class='ocrx_word' id='word_1_209' title='bbox 1655 1640 1689 1674; x_wconf 85' lang='lat' dir='ltr'>d.</span> 
     </span>
    </p>

    <p class='ocr_par' dir='ltr' id='par_1_10' title="bbox 274 1716 1689 1841">
     <span class='ocr_line' id='line_1_20' title="bbox 274 1716 1686 1765; baseline -0.001 -12"><span class='ocrx_word' id='word_1_210' title='bbox 274 1719 364 1753; x_wconf 84' lang='lat' dir='ltr'>Item</span> <span class='ocrx_word' id='word_1_211' title='bbox 384 1721 441 1765; x_wconf 87' lang='lat' dir='ltr'>vnj</span> <span class='ocrx_word' id='word_1_212' title='bbox 458 1718 546 1752; x_wconf 85' lang='lat' dir='ltr'>laico</span> <span class='ocrx_word' id='word_1_213' title='bbox 565 1716 767 1762; x_wconf 86' lang='lat' dir='ltr'>custodientj</span> <span class='ocrx_word' id='word_1_214' title='bbox 785 1716 919 1751; x_wconf 61' lang='lat' dir='ltr'>dictum</span> <span class='ocrx_word' id='word_1_215' title='bbox 933 1717 1055 1751; x_wconf 86' lang='lat' dir='ltr'>vinum</span> <span class='ocrx_word' id='word_1_216' title='bbox 1081 1717 1117 1749; x_wconf 85' lang='lat' dir='ltr'>in</span> <span class='ocrx_word' id='word_1_217' title='bbox 1137 1716 1259 1762; x_wconf 81' lang='lat' dir='ltr'>cymba</span> <span class='ocrx_word' id='word_1_218' title='bbox 1276 1729 1338 1763; x_wconf 89' lang='lat' dir='ltr'>per</span> <span class='ocrx_word' id='word_1_219' title='bbox 1357 1730 1379 1749; x_wconf 84' lang='lat' dir='ltr'>x</span> <span class='ocrx_word' id='word_1_220' title='bbox 1398 1717 1470 1751; x_wconf 86' lang='lat' dir='ltr'>dies</span> <span class='ocrx_word' id='word_1_221' title='bbox 1488 1718 1686 1764; x_wconf 61' lang='lat' dir='ltr'>expectant]</span> 
     </span>
     <span class='ocr_line' id='line_1_21' title="bbox 321 1794 1689 1841; baseline 0 -12"><span class='ocrx_word' id='word_1_222' title='bbox 321 1801 464 1830; x_wconf 80' lang='lat' dir='ltr'>ventum</span> <span class='ocrx_word' id='word_1_223' title='bbox 708 1820 715 1828; x_wconf 87' lang='lat'><strong>.</strong></span> <span class='ocrx_word' id='word_1_224' title='bbox 963 1820 970 1826; x_wconf 87' lang='lat'><em>.</em></span> <span class='ocrx_word' id='word_1_225' title='bbox 1216 1819 1224 1828; x_wconf 85' lang='lat'><strong>.</strong></span> <span class='ocrx_word' id='word_1_226' title='bbox 1491 1794 1522 1840; x_wconf 85' lang='lat' dir='ltr'>vj</span> <span class='ocrx_word' id='word_1_227' title='bbox 1543 1800 1559 1829; x_wconf 65' lang='grc' dir='ltr'>εξ</span> <span class='ocrx_word' id='word_1_228' title='bbox 1577 1795 1632 1841; x_wconf 87' lang='lat' dir='ltr'>viij</span> <span class='ocrx_word' id='word_1_229' title='bbox 1653 1796 1689 1830; x_wconf 84' lang='lat' dir='ltr'>d.</span> 
     </span>
    </p>

    <p class='ocr_par' dir='ltr' id='par_1_11' title="bbox 274 1871 1686 1998">
     <span class='ocr_line' id='line_1_22' title="bbox 274 1871 1683 1920; baseline -0.001 -12"><span class='ocrx_word' id='word_1_230' title='bbox 274 1875 363 1908; x_wconf 88' lang='lat' dir='ltr'>Item</span> <span class='ocrx_word' id='word_1_231' title='bbox 383 1875 487 1920; x_wconf 82' lang='lat' dir='ltr'>empt&#39;</span> <span class='ocrx_word' id='word_1_232' title='bbox 515 1874 557 1907; x_wconf 88' lang='lat' dir='ltr'>de</span> <span class='ocrx_word' id='word_1_233' title='bbox 577 1873 734 1907; x_wconf 83' lang='lat' dir='ltr'>Waltero</span> <span class='ocrx_word' id='word_1_234' title='bbox 762 1872 944 1919; x_wconf 83' lang='lat' dir='ltr'>Chepman</span> <span class='ocrx_word' id='word_1_235' title='bbox 973 1887 982 1903; x_wconf 85' lang='lat' dir='ltr'><em>l</em></span> <span class='ocrx_word' id='word_1_236' title='bbox 1010 1872 1060 1904; x_wconf 87' lang='lat' dir='ltr'>ix⁰</span> <span class='ocrx_word' id='word_1_237' title='bbox 1083 1871 1215 1917; x_wconf 79' lang='lat' dir='ltr'>Aprilis</span> <span class='ocrx_word' id='word_1_238' title='bbox 1236 1885 1246 1905; x_wconf 77' lang='grc' dir='ltr'><em>Ι</em></span> <span class='ocrx_word' id='word_1_239' title='bbox 1265 1872 1286 1918; x_wconf 88' lang='lat' dir='ltr'>ij</span> <span class='ocrx_word' id='word_1_240' title='bbox 1308 1872 1422 1918; x_wconf 81' lang='lat' dir='ltr'>lagine</span> <span class='ocrx_word' id='word_1_241' title='bbox 1442 1872 1511 1918; x_wconf 87' lang='lat' dir='ltr'>vinj</span> <span class='ocrx_word' id='word_1_242' title='bbox 1532 1873 1650 1920; x_wconf 80' lang='lat' dir='ltr'>claretj</span> <span class='ocrx_word' id='word_1_243' title='bbox 1675 1891 1683 1906; x_wconf 80' lang='lat' dir='ltr'><em>l</em></span> 
     </span>
     <span class='ocr_line' id='line_1_23' title="bbox 322 1951 1686 1998; baseline 0.002 -15"><span class='ocrx_word' id='word_1_244' title='bbox 322 1953 415 1997; x_wconf 85' lang='lat' dir='ltr'>price</span> <span class='ocrx_word' id='word_1_245' title='bbox 709 1976 716 1983; x_wconf 95' lang='lat'><strong>.</strong></span> <span class='ocrx_word' id='word_1_246' title='bbox 963 1975 970 1982; x_wconf 87' lang='lat'>.</span> <span class='ocrx_word' id='word_1_247' title='bbox 1221 1976 1229 1983; x_wconf 93' lang='lat'><strong>.</strong></span> <span class='ocrx_word' id='word_1_248' title='bbox 1350 1972 1355 1973; x_wconf 34' lang='grc' dir='ltr'><em>ν</em></span> <span class='ocrx_word' id='word_1_249' title='bbox 1474 1951 1534 1997; x_wconf 81' lang='lat' dir='ltr'>xiij</span> <span class='ocrx_word' id='word_1_250' title='bbox 1553 1956 1569 1985; x_wconf 72' lang='grc' dir='ltr'><strong>ἓ</strong></span> <span class='ocrx_word' id='word_1_251' title='bbox 1587 1951 1633 1998; x_wconf 80' lang='lat' dir='ltr'>iiij</span> <span class='ocrx_word' id='word_1_252' title='bbox 1652 1953 1686 1987; x_wconf 83' lang='lat' dir='ltr'>d.</span> 
     </span>
    </p>

    <p class='ocr_par' dir='ltr' id='par_1_12' title="bbox 276 2027 1686 2153">
     <span class='ocr_line' id='line_1_24' title="bbox 276 2027 1686 2075; baseline 0.001 -13"><span class='ocrx_word' id='word_1_253' title='bbox 276 2029 366 2064; x_wconf 83' lang='lat' dir='ltr'>Item</span> <span class='ocrx_word' id='word_1_254' title='bbox 388 2042 397 2061; x_wconf 75' lang='lat' dir='ltr'><em>t</em></span> <span class='ocrx_word' id='word_1_255' title='bbox 417 2037 453 2062; x_wconf 87' lang='lat' dir='ltr'>x0</span> <span class='ocrx_word' id='word_1_256' title='bbox 475 2029 609 2074; x_wconf 80' lang='lat' dir='ltr'>Aprilis</span> <span class='ocrx_word' id='word_1_257' title='bbox 629 2042 638 2061; x_wconf 84' lang='lat' dir='ltr'>l</span> <span class='ocrx_word' id='word_1_258' title='bbox 660 2029 702 2062; x_wconf 92' lang='lat' dir='ltr'>de</span> <span class='ocrx_word' id='word_1_259' title='bbox 721 2029 844 2062; x_wconf 86' lang='lat' dir='ltr'>eodem</span> <span class='ocrx_word' id='word_1_260' title='bbox 863 2028 896 2073; x_wconf 84' lang='lat' dir='ltr'>iij</span> <span class='ocrx_word' id='word_1_261' title='bbox 917 2028 1032 2073; x_wconf 78' lang='lat' dir='ltr'>lagine</span> <span class='ocrx_word' id='word_1_262' title='bbox 1051 2027 1071 2073; x_wconf 83' lang='lat' dir='ltr'>ij</span> <span class='ocrx_word' id='word_1_263' title='bbox 1093 2033 1214 2072; x_wconf 84' lang='lat' dir='ltr'>quarte</span> <span class='ocrx_word' id='word_1_264' title='bbox 1233 2027 1317 2075; x_wconf 62' lang='grc' dir='ltr'>ὧδὲ]</span> <span class='ocrx_word' id='word_1_265' title='bbox 1333 2028 1403 2074; x_wconf 84' lang='lat' dir='ltr'>vinj</span> <span class='ocrx_word' id='word_1_266' title='bbox 1426 2044 1435 2060; x_wconf 73' lang='lat' dir='ltr'><em>s</em></span> <span class='ocrx_word' id='word_1_267' title='bbox 1455 2028 1550 2074; x_wconf 86' lang='lat' dir='ltr'>price</span> <span class='ocrx_word' id='word_1_268' title='bbox 1567 2029 1686 2075; x_wconf 63' lang='lat' dir='ltr'>pincte</span> 
     </span>
     <span class='ocr_line' id='line_1_25' title="bbox 323 2106 1686 2153; baseline -0.001 -13"><span class='ocrx_word' id='word_1_269' title='bbox 323 2120 345 2140; x_wconf 85' lang='lat' dir='ltr'>x</span> <span class='ocrx_word' id='word_1_270' title='bbox 362 2108 386 2141; x_wconf 73' lang='lat' dir='ltr'>d</span> <span class='ocrx_word' id='word_1_271' title='bbox 406 2121 415 2139; x_wconf 77' lang='lat' dir='ltr'><em>s</em></span> <span class='ocrx_word' id='word_1_272' title='bbox 435 2119 569 2140; x_wconf 80' lang='lat' dir='ltr'>summa</span> <span class='ocrx_word' id='word_1_273' title='bbox 813 2132 819 2139; x_wconf 94' lang='lat'>.</span> <span class='ocrx_word' id='word_1_274' title='bbox 1065 2132 1072 2139; x_wconf 92' lang='lat'>.</span> <span class='ocrx_word' id='word_1_275' title='bbox 1279 2133 1287 2139; x_wconf 90' lang='lat'><strong>.</strong></span> <span class='ocrx_word' id='word_1_276' title='bbox 1452 2106 1533 2153; x_wconf 81' lang='lat' dir='ltr'>xxiij</span> <span class='ocrx_word' id='word_1_277' title='bbox 1554 2111 1569 2141; x_wconf 78' lang='grc' dir='ltr'>’ἑ</span> <span class='ocrx_word' id='word_1_278' title='bbox 1586 2107 1633 2153; x_wconf 85' lang='lat' dir='ltr'>iiij</span> <span class='ocrx_word' id='word_1_279' title='bbox 1653 2107 1686 2141; x_wconf 77' lang='lat' dir='ltr'>d.</span> 
     </span>
    </p>

    <p class='ocr_par' dir='ltr' id='par_1_13' title="bbox 277 2184 1684 2232">
     <span class='ocr_line' id='line_1_26' title="bbox 277 2184 1684 2232; baseline 0 -13"><span class='ocrx_word' id='word_1_280' title='bbox 277 2186 365 2220; x_wconf 90' lang='lat' dir='ltr'>Item</span> <span class='ocrx_word' id='word_1_281' title='bbox 386 2185 406 2231; x_wconf 86' lang='lat' dir='ltr'>ij</span> <span class='ocrx_word' id='word_1_282' title='bbox 427 2185 541 2231; x_wconf 84' lang='lat' dir='ltr'>lagine</span> <span class='ocrx_word' id='word_1_283' title='bbox 559 2184 593 2231; x_wconf 86' lang='lat' dir='ltr'>iij</span> <span class='ocrx_word' id='word_1_284' title='bbox 614 2190 736 2230; x_wconf 85' lang='lat' dir='ltr'>quarte</span> <span class='ocrx_word' id='word_1_285' title='bbox 756 2184 938 2218; x_wconf 78' lang='lat' dir='ltr'>confimilis</span> <span class='ocrx_word' id='word_1_286' title='bbox 956 2185 1026 2231; x_wconf 83' lang='lat' dir='ltr'>vinj</span> <span class='ocrx_word' id='word_1_287' title='bbox 1049 2198 1059 2217; x_wconf 84' lang='lat' dir='ltr'>l</span> <span class='ocrx_word' id='word_1_288' title='bbox 1079 2185 1172 2230; x_wconf 85' lang='lat' dir='ltr'>price</span> <span class='ocrx_word' id='word_1_289' title='bbox 1310 2211 1317 2218; x_wconf 96' lang='lat'>.</span> <span class='ocrx_word' id='word_1_290' title='bbox 1451 2185 1533 2232; x_wconf 80' lang='lat' dir='ltr'>xviij</span> <span class='ocrx_word' id='word_1_291' title='bbox 1554 2190 1568 2220; x_wconf 72' lang='grc' dir='ltr'><strong>ἓ</strong></span> <span class='ocrx_word' id='word_1_292' title='bbox 1586 2186 1631 2231; x_wconf 89' lang='lat' dir='ltr'>iiij</span> <span class='ocrx_word' id='word_1_293' title='bbox 1651 2187 1684 2221; x_wconf 82' lang='lat' dir='ltr'>d.</span> 
     </span>
    </p>
   </div>
   <div class='ocr_carea' id='block_1_6' title="bbox 276 2261 1684 2309">
    <p class='ocr_par' dir='ltr' id='par_1_14' title="bbox 276 2261 1684 2309">
     <span class='ocr_line' id='line_1_27' title="bbox 276 2261 1684 2309; baseline -0.001 -11"><span class='ocrx_word' id='word_1_294' title='bbox 276 2264 366 2298; x_wconf 75' lang='lat' dir='ltr'>Item</span> <span class='ocrx_word' id='word_1_295' title='bbox 385 2263 427 2296; x_wconf 89' lang='lat' dir='ltr'>de</span> <span class='ocrx_word' id='word_1_296' title='bbox 447 2262 569 2296; x_wconf 88' lang='lat' dir='ltr'>eodem</span> <span class='ocrx_word' id='word_1_297' title='bbox 588 2262 609 2305; x_wconf 78' lang='lat' dir='ltr'>ij</span> <span class='ocrx_word' id='word_1_298' title='bbox 630 2268 751 2307; x_wconf 76' lang='lat' dir='ltr'>quarte</span> <span class='ocrx_word' id='word_1_299' title='bbox 770 2262 839 2308; x_wconf 75' lang='lat' dir='ltr'>vinj</span> <span class='ocrx_word' id='word_1_300' title='bbox 864 2261 1035 2296; x_wconf 79' lang='lat' dir='ltr'>Runenlis</span> <span class='ocrx_word' id='word_1_301' title='bbox 1055 2279 1064 2294; x_wconf 85' lang='lat' dir='ltr'><em>l</em></span> <span class='ocrx_word' id='word_1_302' title='bbox 1085 2263 1178 2308; x_wconf 84' lang='lat' dir='ltr'>price</span> <span class='ocrx_word' id='word_1_303' title='bbox 1328 2289 1335 2295; x_wconf 95' lang='lat'>.</span> <span class='ocrx_word' id='word_1_304' title='bbox 1483 2263 1530 2309; x_wconf 84' lang='lat' dir='ltr'>iiij</span> <span class='ocrx_word' id='word_1_305' title='bbox 1547 2267 1561 2297; x_wconf 73' lang='grc' dir='ltr'>ἔ</span> <span class='ocrx_word' id='word_1_306' title='bbox 1578 2263 1634 2309; x_wconf 87' lang='lat' dir='ltr'>viij</span> <span class='ocrx_word' id='word_1_307' title='bbox 1650 2264 1684 2298; x_wconf 78' lang='lat' dir='ltr'>d.</span> 
     </span>
    </p>
   </div>
  </div>
 </body>
</html>
