1861 2703
302 237 370 271 1622
762 235 920 271 LIBER
948 236 1230 272 DOMICILII
1612 241 1717 277 15029.

300 339 399 368 tones
417 332 472 378 iij}
490 336 612 378 quarte
641 344 652 365 t
681 331 773 366 Item
791 333 896 379 empt'
914 333 985 380 xxij
1005 332 1305 381 pulligallinarum
1323 335 1357 380 xj
1377 337 1391 368 ἓ
1411 347 1422 367 l
1442 333 1464 381 ij
1485 345 1661 380 capones!
1682 333 1718 366 in

302 411 409 444 ordeo
430 423 441 444 t
460 415 494 444 et
512 409 579 444 sale
592 426 601 442 ι
618 422 640 444 v
654 414 669 444 ἔ
686 409 718 456 vj
735 409 759 445 d
779 423 790 443 t
809 415 844 444 et
858 411 982 457 expen'
1003 423 1014 445 s
1035 410 1128 445 Item
1147 412 1253 458 empt’
1271 411 1364 458 apud
1380 410 1575 457 Linlithqw
1595 411 1717 456 xxxiiij

301 487 599 534 pulligallinarum
619 500 629 521 t
648 487 670 534 ij
690 487 806 534 pultre
826 500 837 521 s
856 488 903 534 iiij
923 500 1071 534 capones
1091 500 1102 521 t
1121 487 1168 534 iiij
1189 488 1341 535 cuniculj
1363 501 1375 522 Ι
1394 490 1427 535 vj
1443 501 1524 523 aues
1543 488 1692 522 morales
1708 502 1719 522 l

303 570 333 613 vj
354 567 440 601 libre
458 565 533 612 cafij
554 579 565 599 l
585 565 642 612 viij
674 565 762 600 libre
788 565 892 612 butirj
915 578 925 599 s
945 566 981 599 in
999 565 1066 600 sale
1085 579 1097 599 l
1117 571 1151 600 et
1179 566 1254 600 ouis
1274 579 1285 600 s
1304 567 1389 612 varij
1409 567 1506 614 pricij
1538 580 1549 600 l
1578 567 1721 602 Summa

302 645 336 678 xl
355 650 369 678 ἔ
387 644 418 690 vj
438 644 462 678 d
481 657 491 677 s
512 649 546 678 et
565 644 689 690 expen’
716 657 727 677 s
756 643 847 678 Item
867 643 972 690 empt’
995 642 1029 689 iij
1062 648 1185 689 quarte
1205 643 1303 689 vitulj
1326 646 1440 690 magnj
1460 644 1506 691 xij
1529 649 1544 679 ’s‘
1563 658 1574 678 1
1592 645 1625 691 xj
1647 657 1721 678 mu-

301 729 401 756 tones
419 722 488 768 lviij
510 727 525 756 ἔ
543 721 600 768 viij
620 721 645 756 d
664 734 674 755 s
694 721 715 768 ij
735 721 854 767 lingue
873 720 1001 755 bouine
1020 720 1077 767 xvj
1097 720 1121 755 d
1142 732 1150 754 Ι
1172 725 1205 754 et
1224 722 1348 767 expen'
1381 734 1392 755 t
1421 727 1455 755 et
1483 721 1609 756 reflant
1627 722 1719 768 apud

304 799 511 845 Edinburgh
528 799 574 846 xij
595 804 693 846 petre
712 799 830 846 butirj.

806 878 950 912 Summa
967 878 1002 911 ix
1019 878 1043 912 ii
1062 877 1094 924 vj
1116 883 1130 913 ἕ
1149 890 1170 911 x
1190 878 1224 912 d.

351 1050 433 1080 DIE
457 1050 639 1080 MARTIS
657 1043 752 1078 xxvii
770 1042 868 1078 Julii.
920 1049 1170 1079 PANETRIA.
1213 1043 1331 1090 Empt’
1350 1048 1400 1077 νΧίς
1419 1043 1464 1090 vij
1480 1056 1587 1090 panes
1605 1044 1689 1091 xxiij
1707 1048 1722 1077 ἔ

151 1133 282 1162 striueiing.
301 1123 322 1167 ij
342 1123 366 1157 d
385 1136 396 1155 l
416 1128 451 1156 et
469 1122 594 1168 expen’
622 1134 632 1155 s
662 1121 753 1155 Item
772 1120 814 1155 de
831 1121 1034 1167 preintratis
1054 1134 1065 1155 s
1085 1122 1211 1168 expen’
1241 1121 1277 1154 in
1305 1133 1391 1155 cena
1418 1121 1511 1167 apud
1531 1121 1724 1166 Striueling

296 1201 351 1247 jj
372 1212 477 1247 panes
498 1213 508 1233 Ι
528 1203 563 1234 et
580 1198 623 1233 fic
653 1198 780 1233 restant
811 1198 867 1233 vsD
896 1198 957 1245 iinc
974 1204 1026 1233 vxx
1044 1198 1081 1232 ix
1098 1210 1217 1245 panes.
1269 1205 1560 1235 BUTELARIA.
1605 1198 1723 1246 Empt'

302 1292 348 1312 xx
365 1278 481 1324 lagine
501 1277 641 1312 ceruifie
658 1279 740 1324 xxvj
760 1281 775 1311 's‘
791 1276 849 1323 viij
869 1277 893 1312 d
911 1289 923 1310 l
943 1281 977 1311 et
996 1277 1121 1323 expen’
1149 1289 1161 1310 t
1190 1276 1280 1311 Item
1301 1277 1343 1311 de
1357 1277 1550 1324 preintrata
1569 1290 1580 1311 l
1600 1277 1724 1324 expen’

302 1369 373 1390 xxx
391 1356 506 1402 lagine
519 1356 534 1402 j
554 1360 678 1401 quarta
695 1352 836 1389 ceruifie
857 1367 868 1388 s
888 1359 924 1389 et
941 1353 984 1388 fic
1003 1354 1131 1389 restant
1147 1360 1182 1390 vc
1211 1355 1370 1402 lxxxxiiij
1403 1355 1518 1402 lagine
1547 1355 1570 1402 ij
1602 1360 1724 1401 quarte

303 1433 455 1468 ceruifie.
508 1438 727 1475 COQUINA.
768 1432 886 1479 Empt'
904 1432 997 1479 apud
1017 1432 1212 1479 Linlithqw
1228 1433 1334 1481 xxxvj
1353 1433 1652 1481 pulligallinarum
1674 1445 1682 1467 l
1703 1445 1725 1467 v

302 1524 452 1559 capones
472 1524 482 1544 s
502 1509 534 1557 vj
554 1509 642 1544 libre
659 1509 765 1556 butirj
787 1510 827 1556 sj
847 1510 1043 1556 carcagium
1062 1516 1173 1545 merte
1200 1524 1211 1545 Ι
1230 1511 1275 1558 vij
1296 1516 1459 1546 mutones
1478 1525 1490 1545 l
1509 1512 1545 1545 in
1563 1512 1640 1546 ouis
1659 1524 1670 1545 l
1691 1516 1724 1545 et

304 1590 411 1623 ordeo
439 1602 450 1622 l
478 1588 563 1634 varij
583 1588 681 1635 pricij
711 1601 723 1621 s
751 1587 894 1622 Summa
912 1588 958 1634 iiij
977 1589 1003 1623 fi
1021 1589 1068 1634 xij
1087 1591 1128 1635 §j
1148 1589 1172 1623 d
1191 1602 1202 1622 s
1222 1594 1256 1623 et
1275 1590 1398 1636 expen'
1426 1602 1438 1623 t
1468 1589 1560 1623 Item
1579 1589 1621 1622 de
1649 1600 1725 1635 pre-

305 1667 441 1701 intratis
461 1679 471 1699 s
492 1666 617 1712 expen'
635 1665 692 1712 viij
714 1670 876 1700 mutones
894 1666 929 1712 iij
949 1670 1072 1711 quarte
1102 1678 1113 1699 s
1141 1665 1233 1700 Item
1263 1667 1368 1713 empt‘
1398 1666 1444 1713 xij
1465 1671 1626 1700 mutones
1645 1666 1678 1712 iij
1698 1667 1723 1700 ii

306 1745 352 1790 iiij
373 1750 387 1778 Ξ
407 1758 417 1777 Ι
437 1750 471 1778 et
489 1742 532 1777 fic
551 1743 677 1778 restant
707 1744 744 1777 in
774 1749 851 1778 toto
878 1756 1027 1778 vnacum
1059 1743 1262 1778 mutonibus
1290 1742 1494 1777 restantibus
1524 1743 1605 1789 xviij
1638 1742 1722 1789 Julij

307 1822 377 1868 xiiij
397 1827 560 1856 mutones
578 1821 626 1868 ik}
644 1827 767 1868 quarte
795 1835 807 1855 s
835 1821 893 1856 De
911 1821 1112 1869 preintratis
1130 1833 1142 1855 l
1161 1821 1286 1868 expen’
1314 1821 1335 1867 ij
1356 1827 1478 1867 quarte
1508 1826 1619 1855 merte
1648 1821 1725 1854 her-

306 1900 391 1933 balis
420 1899 584 1934 restantes
609 1900 704 1934 dieto
735 1899 791 1934 die
820 1913 832 1933 l
864 1905 899 1934 et
928 1898 972 1934 fic
999 1912 1087 1946 eque
1114 1912 1125 1933 s
1154 1898 1246 1933 Item
1275 1899 1381 1945 empt'
1411 1898 1432 1945 ij
1463 1904 1585 1944 quarte
1613 1904 1723 1932 merte

308 1977 376 2023 xvij
395 1981 409 2010 ,ξ
429 1990 439 2010 s
460 1983 494 2011 et
512 1977 639 2012 restant
658 1990 669 2011 l
698 1977 788 2011 Item
808 1978 913 2024 empt’
931 1977 951 2024 ij
972 1977 1052 2024 agni
1071 1977 1115 2023 vij
1136 1981 1151 2012 ἔ
1170 1978 1209 2023 13
1230 1976 1339 2011 hedus
1359 1989 1370 2010 s
1389 1976 1410 2022 ij
1431 1976 1550 2022 lingue
1568 1975 1696 2010 bonine
1714 1987 1722 2009 1

302 2057 316 2100 j
335 2054 449 2100 hogch
469 2057 508 2101 sj
528 2055 631 2089 fillatt
651 2054 690 2102 lj
710 2054 841 2102 sparrib
861 2068 872 2089 s
891 2055 913 2102 ij
933 2054 1020 2089 libre
1039 2054 1113 2102 cepj
1135 2068 1146 2088 l
1165 2054 1211 2101 vij
1231 2059 1246 2089 ἔ
1264 2067 1285 2089 x
1304 2054 1328 2089 d
1356 2067 1368 2088 s
1399 2059 1434 2088 et
1452 2054 1576 2100 expen’
1596 2066 1608 2087 l
1626 2053 1721 2099 xxiiij

308 2131 605 2177 pulligallinarum
642 2146 653 2166 1
688 2132 747 2180 xiij
783 2132 899 2179 pultre
935 2145 947 2166 l
982 2132 1018 2166 ix
1044 2144 1193 2179 capones
1234 2143 1247 2165 1
1283 2131 1390 2178 xxviij
1434 2144 1516 2165 aues
1544 2131 1692 2165 morales
1711 2144 1722 2164 Ι

308 2208 403 2255 xxiiij
437 2210 587 2256 cuniculj
618 2221 626 2244 1
658 2211 695 2244 in
720 2210 791 2257 pisa
821 2223 833 2245 l
862 2210 970 2244 ordeo
1002 2223 1014 2244 l
1046 2210 1122 2244 ouis
1153 2223 1164 2243 l
1195 2214 1230 2243 et
1258 2209 1408 2256 cari-agio
1441 2223 1452 2243 s
1483 2209 1570 2256 varij
1597 2209 1692 2256 pricij
1711 2221 1722 2241 s

311 2286 452 2321 Summa
482 2287 527 2334 iiij
558 2287 582 2321 ii
611 2288 703 2334 xiij&
731 2290 763 2335 vj
792 2287 816 2322 d
854 2301 866 2321 Ι
905 2292 940 2322 et
968 2287 1095 2335 expen’
1123 2300 1135 2322 l
1164 2286 1222 2322 De
1251 2287 1453 2334 preintratis
1486 2301 1497 2321 s
1526 2286 1649 2333 expen’
1674 2284 1720 2331 xij
