1861 2703
104 606 252 629 Dunbertane

124 1770 261 1798 Edinburgh

279 268 322 302 16
750 268 907 303 LIBER
936 268 1215 305 DOMICILII
1583 272 1687 303 1525.

328 364 612 399 MEMORANDUM
643 378 654 398 s
682 364 859 400 Dominus
887 365 966 399 Rex
992 377 1072 399 cum
1091 365 1164 399 eius
1181 364 1310 399 familia
1326 365 1470 399 fuerunt
1488 367 1581 412 apud
1599 365 1689 413 pala-

277 444 366 477 cium
387 442 428 476 de
448 442 684 486 Enchengean
713 443 767 477 die
787 442 890 477 Lune
908 442 1066 478 vicesimo
1086 443 1260 488 [decimo]
1279 443 1374 477 sexto
1394 442 1562 478 Oetobris
1581 449 1615 478 et
1634 444 1689 478 die

278 521 404 555 Martis
428 521 513 567 xvij⁰
531 520 682 554 eiusdem
703 521 738 555 in
758 521 903 568 prandio
921 519 1074 556 similiter
1092 521 1192 568 super
1211 520 1365 567 expenfis
1380 520 1526 569 Dominj
1544 521 1692 556 Comitis

278 599 319 633 de
339 598 498 633 Levinox
519 611 530 632 s
549 604 582 632 et
600 598 715 645 postea
733 599 980 645 equitauerunt
998 599 1114 633 versus
1134 598 1366 633 Dunbertane
1385 600 1420 633 in
1440 611 1536 634 cena.

328 761 409 790 DIE
426 761 556 791 JOUIS
575 755 725 790 secundo
741 755 964 790 Nouembris.
994 761 1241 791 PANETRIA.
1258 754 1315 788 De
1328 756 1528 801 preintratis
1541 768 1552 788 l
1569 757 1692 802 expen'

183 845 208 859 ue
221 838 259 866 ἰῆς
282 834 315 866 in
329 833 476 879 prandio
490 833 582 879 apud
590 832 781 879 Striueling
794 833 868 866 lxix
881 845 987 880 panes
1000 846 1011 866 l
1028 832 1118 867 Item
1134 832 1267 867 liberat’
1276 832 1455 866 Fratribus
1463 831 1693 867 Obseruantie

280 912 316 943 in
331 910 523 944 elemozina
543 910 650 957 Regis
668 910 703 944 lx
721 923 827 957 panes
847 923 858 944 l
878 910 1021 944 Summa
1036 910 1297 957 expensarumjc
1316 911 1351 944 ix
1365 922 1471 957 panes
1487 923 1497 944 t
1517 916 1552 944 et
1569 909 1612 944 fic
1629 911 1695 944 res-

280 988 414 1034 tantj‘O
432 988 574 1035 lxxxviij
590 1000 706 1034 panes.
743 994 1058 1024 BUTELLARIA.
1079 987 1137 1021 De
1153 986 1294 1021 ceruifia
1307 1001 1317 1021 l
1331 989 1455 1034 expen’
1468 988 1503 1021 in
1518 988 1694 1022 domicilio

278 1067 348 1111 xvij
367 1065 508 1112 laginej
529 1071 652 1111 quarta
678 1079 689 1099 l
720 1065 809 1100 Item
828 1065 963 1099 liberat'
985 1065 1087 1099 diffis
1106 1064 1286 1099 Fratribus
1314 1065 1350 1098 in
1373 1064 1565 1099 elemozina
1584 1064 1695 1110 Regis

279 1156 347 1176 xxx
366 1143 480 1189 lagine
499 1142 639 1178 ceruifie
667 1158 678 1177 l
707 1144 849 1178 Summa
868 1143 1095 1190 expensarum
1115 1142 1199 1189 xlvij
1218 1142 1361 1189 laginej
1384 1147 1507 1187 quarta
1526 1141 1667 1177 eeruifie
1684 1156 1694 1175 s

279 1227 313 1254 et
330 1220 372 1254 fic
396 1221 522 1255 restant
553 1222 623 1268 lxvj
656 1222 771 1268 lagine
800 1220 951 1256 ceruifie.
1005 1227 1218 1263 COQUINA.
1246 1219 1305 1254 De
1323 1221 1522 1266 preintratis
1541 1234 1552 1254 l
1572 1222 1695 1268 expen’

279 1299 314 1344 iij
336 1303 457 1343 quarte
488 1303 599 1333 merte
619 1312 629 1332 l
650 1304 685 1333 et
715 1298 758 1333 fic
788 1298 915 1333 restant
942 1300 1002 1332 xix
1032 1303 1143 1332 merte
1161 1298 1184 1345 ὲ
1202 1303 1325 1344 quarta
1353 1312 1363 1331 Ι
1394 1298 1483 1332 Item
1513 1299 1618 1345 empt’
1648 1299 1694 1345 vij

280 1382 441 1410 mutones
459 1376 554 1423 xxiiij
570 1381 585 1411 ἔ
602 1378 635 1423 vj
648 1377 672 1411 d
690 1389 701 1410 l
720 1376 755 1423 iij
775 1381 897 1421 quarte
917 1382 1026 1411 merte
1045 1377 1194 1411 recentis
1208 1378 1266 1423 xxj
1280 1382 1295 1411 ἔ
1314 1389 1325 1410 s
1344 1376 1378 1422 iij
1398 1375 1486 1410 libre
1505 1378 1578 1423 cepj
1598 1376 1669 1411 ixd
1683 1389 1694 1409 s

281 1460 314 1487 et
334 1456 456 1500 expen’
485 1468 496 1488 s
526 1454 615 1488 Item
636 1455 741 1501 empt'
758 1455 816 1501 viij
839 1467 989 1500 capones
1009 1468 1020 1488 l
1039 1455 1111 1501 xiiij
1130 1454 1248 1500 pultre
1268 1467 1279 1487 s
1298 1454 1345 1500 iiij
1371 1466 1457 1488 auce
1481 1453 1664 1488 domestice
1684 1468 1694 1487 l

277 1533 324 1578 iiij
340 1532 420 1578 gallj
434 1533 522 1578 nigrj
540 1545 551 1565 s
564 1535 598 1579 vj
615 1532 765 1578 cuniculj
783 1520 797 1565 Ιἴ
810 1532 844 1578 iij
860 1532 1016 1579 perdices
1037 1545 1047 1566 1
1062 1532 1099 1566 in
1114 1532 1222 1566 ordeo
1240 1545 1249 1565 s
1264 1536 1298 1566 et
1312 1532 1404 1578 cepis
1423 1544 1435 1565 1
1454 1532 1542 1578 varij
1559 1532 1667 1578 precij
1683 1545 1693 1564 l

282 1611 423 1644 Summa
439 1612 546 1645 xxxix
564 1615 579 1645 ἔ
596 1611 630 1657 iij
650 1611 673 1646 d
693 1624 704 1644 s
724 1615 758 1644 et
776 1611 910 1657 expen'.

333 1774 495 1803 EODEM
520 1774 600 1803 DIE
618 1781 628 1801 s
646 1767 770 1802 Intrat’
784 1780 846 1814 per
856 1767 1051 1801 lValterum
1068 1767 1150 1801 Scot
1167 1765 1327 1813 pistorem
1343 1766 1436 1812 apud
1449 1765 1654 1813 Edinburgh
1670 1768 1692 1813 ij

283 1845 398 1879 celdre
411 1846 576 1879 frumenti
590 1846 689 1879 firme
705 1846 747 1879 de
761 1845 830 1879 Fiff
841 1859 851 1879 s
868 1845 910 1879 de
925 1844 1049 1890 quibus
1061 1849 1303 1891 prouenerunt
1316 1845 1352 1877 in
1366 1843 1512 1890 panibus
1528 1857 1538 1876 s
1555 1844 1694 1890 dempta

285 1922 438 1956 multura
457 1936 467 1955 l
487 1923 544 1969 ijffi
562 1928 594 1956 vc
612 1929 662 1956 vxx
681 1935 787 1970 panes
806 1923 848 1957 de
868 1923 1045 1956 dominico
1064 1928 1098 1955 et
1115 1921 1266 1956 seeundo
1287 1935 1297 1954 Ι
1317 1921 1360 1955 de
1378 1921 1502 1967 quibus
1517 1922 1640 1968 expen'
1658 1922 1695 1954 in

286 2013 370 2045 cene
383 2003 409 2046 jc
427 2003 483 2047 xvj
504 2013 609 2047 panes
629 2014 639 2034 t
659 2006 693 2035 et
707 2000 750 2035 fic
765 2000 892 2035 restant
903 2001 939 2034 in
952 2005 1028 2034 toto
1040 2000 1110 2046 iijffl
1124 2005 1157 2033 vc
1170 2000 1206 2046 lij
1222 2011 1338 2046 panes.
1382 2006 1694 2035 BUTELLARIA.

288 2077 345 2111 De
375 2078 530 2111 tricentis
560 2079 752 2124 nonaginta
780 2078 891 2112 tribus
921 2078 1044 2123 laginis
1079 2079 1093 2123 j
1129 2082 1252 2122 quarta
1281 2075 1422 2111 ceruifie
1452 2076 1575 2111 restan’
1602 2077 1695 2123 apud

288 2154 495 2199 Edinburgh
512 2155 574 2201 xij⁰
588 2154 755 2189 O&obris
773 2156 890 2190 intrat’
908 2155 969 2190 isto
989 2155 1044 2189 die
1064 2168 1074 2188 l
1095 2155 1137 2189 de
1155 2154 1280 2200 quibus
1298 2156 1422 2202 expen’
1440 2155 1560 2202 xxxiiij
1579 2154 1694 2201 lagine

288 2230 427 2265 ceruifie
447 2244 458 2264 l
478 2236 512 2265 et
529 2230 571 2266 fic
589 2231 715 2266 restant
732 2233 780 2279 iijc
799 2233 846 2266 lix
863 2233 979 2279 lagine
992 2235 1006 2279 j
1026 2238 1148 2278 quarta
1167 2231 1306 2267 ceruifie
1335 2246 1345 2266 s
1375 2232 1466 2267 Item
1496 2233 1615 2266 intrat'
1633 2244 1695 2278 per

289 2308 525 2354 Mergaretam
555 2308 796 2344 Johnnestoun
817 2310 973 2344 remitam
999 2310 1174 2356 quondam
1209 2310 1353 2345 Andree
1384 2310 1631 2344 Hammiltoun
1661 2313 1693 2357 vj
