1861 2703
191 237 297 269 1525.
749 229 1032 267 APPENDIX.
1580 236 1599 271 7

193 331 287 371 Regis
310 335 343 360 ut
367 334 448 370 patet
481 328 512 358 in
544 338 577 358 ce
587 327 660 364 lula,
690 340 708 359 a
741 328 907 370 penultimo
934 328 1115 359 Nouembris
1137 328 1283 358 inclusiue
1307 338 1400 368 vsquc
1424 327 1598 357 vicesimum

188 396 327 436 quintum
366 393 545 424 Decembris
574 394 735 430 exclusiue,
774 394 956 435 capientium
987 395 1017 424 in
1050 394 1097 424 die
1129 394 1159 434 iij
1191 393 1213 424 ii
1245 393 1285 434 vij
1311 397 1322 422 ἒ
1355 394 1383 433 vj
1408 395 1437 429 d,
1475 394 1599 423 Summa

189 461 304 501 lxxxvij
322 460 343 489 li
361 471 400 489 xv
416 463 438 488 ἐ.

452 527 575 555 Summa
592 525 692 556 totalis
708 526 817 556 mensis
836 525 1013 556 Decembris
1031 525 1071 565 vjc
1094 525 1133 565 lvj
1151 525 1172 554 fi
1189 536 1227 554 xv
1245 525 1282 565 sj
1300 527 1328 554 d.

1395 595 1471 619 Tenet
1488 591 1565 620 Abd.

235 657 300 686 Dm
317 657 435 686 Samon
452 657 482 687 vi
497 657 643 687 Januarii.
692 657 809 698 Expen'
820 657 850 686 in
862 656 1007 697 gelaturis
1020 656 1144 697 piscium
1159 656 1188 685 lx
1200 656 1299 697 lagine
1316 655 1450 686 ceruisie.
1500 656 1601 696 Empt'

189 722 274 763 xxiiij
294 722 441 763 codlingis
457 722 569 763 magni,
596 723 645 763 viij
664 722 852 763 bronoseopi.

231 788 296 817 Dm
313 788 410 817 LUNE
427 788 478 817 viii
493 788 638 818 Januarii.
687 788 790 818 Intrat’
807 787 858 817 xlv
875 787 973 828 pultre
988 798 1061 817 cane
1077 787 1113 817 de
1128 787 1195 817 Fiff.
1244 787 1345 827 Empt'
1359 787 1371 827 3
1385 797 1458 817 auca
1468 797 1601 827 campes-

190 854 252 890 tris,
270 853 311 893 iiij
331 853 474 894 perdices,
491 853 511 893 ij
529 853 603 894 galli
619 853 781 889 siluestres,
799 853 870 893 xviij
888 863 959 882 aues
975 852 1112 889 morales,
1140 853 1171 892 iij
1191 852 1292 893 lagine
1308 852 1403 887 lactis,
1433 852 1463 892 iij
1482 851 1601 892 hoghis,

186 919 206 959 ij
225 918 335 955 fill-atis,
351 919 363 959 3
381 918 506 959 sparrib,
524 919 544 959 ij
562 918 665 959 lingue
683 918 797 948 bouini.

228 984 296 1014 Du:
316 984 448 1014 Mmms
466 984 496 1013 ix
514 984 660 1014 Januarii.
714 983 817 1024 Empt’
832 983 863 1012 ix
880 983 1031 1024 plumarii,
1046 983 1058 1024 j
1077 994 1167 1024 pecca
1181 994 1284 1023 grosse
1300 983 1403 1013 farine.

231 1049 297 1079 Dm
314 1050 487 1079 MERcunn
505 1060 524 1079 x
541 1049 691 1080 Januarii.
742 1049 844 1090 Empt⁷
860 1048 902 1089 iiij
921 1049 1011 1085 ronis,
1029 1049 1059 1079 in
1076 1039 1208 1090 podloiss
1231 1049 1260 1078 in
1288 1049 1450 1084 musculis;
1474 1049 1504 1090 iij
1523 1056 1606 1090 petre

192 1116 263 1146 casii
279 1126 319 1146 xv
335 1119 365 1151 ἐς
390 1115 433 1156 vj⁷
449 1115 512 1156 pira
527 1125 593 1145 xxx
609 1119 640 1150 ἐς
664 1114 752 1155 xviij⁶
768 1125 857 1156 poma
880 1116 968 1156 xxxij
986 1119 1018 1151 ἐς
1038 1115 1081 1157 jffi
1097 1116 1129 1157 ijc
1144 1127 1164 1145 x
1179 1127 1237 1146 oua
1253 1116 1338 1157 xlviij
1358 1120 1368 1145 ὲ
1383 1127 1390 1151 ;
1419 1116 1495 1147 Item
1511 1117 1542 1146 in
1558 1128 1606 1147 ee-

236 1247 303 1276 Dm
323 1247 474 1276 meus
490 1246 532 1276 xii
548 1246 694 1277 Januarii.
743 1246 844 1288 Empt'
860 1247 891 1276 in
907 1258 1045 1277 crunans.

236 1313 303 1344 Dm
321 1313 438 1343 SABorr
455 1313 508 1342 xiii
523 1312 669 1342 Januarii.
718 1312 819 1352 Empt'
835 1312 866 1342 in
882 1312 1052 1354 pectinibus
1067 1323 1144 1352 aque
1160 1312 1265 1342 dulcis.

237 1379 306 1408 Du:
323 1379 420 1409 ans
436 1389 477 1408 xv
491 1378 636 1408 Januarii.
685 1377 799 1408 Intrate
815 1389 868 1418 per
887 1377 1081 1407 Willielmum
1100 1377 1266 1408 Wilkinson
1285 1377 1429 1418 pistorem
1445 1378 1509 1419 xiiij
1528 1379 1606 1409 bolle

195 1445 337 1475 frumenti
352 1444 435 1474 firme
451 1444 488 1474 de
507 1443 574 1480 Fiff,
600 1443 636 1474 de
652 1443 762 1484 quibus
778 1449 979 1485 prouenerunt
1000 1443 1029 1473 in
1051 1443 1179 1485 panibus
1197 1441 1240 1484 j(D
1258 1444 1284 1485 jc
1306 1445 1337 1474 xl
1361 1456 1461 1486 panes,
1486 1446 1607 1487 dempta

196 1511 337 1541 multura.

239 1576 305 1606 Du:
324 1575 495 1606 MERcunn
513 1575 575 1604 xvii
587 1575 732 1605 Januarii.

243 1642 310 1672 Dm
325 1641 420 1672 Joms
436 1641 509 1671 xviii
524 1640 674 1671 Januarii.
722 1640 826 1682 Empt'
838 1641 864 1682 jc
880 1652 971 1682 panes
998 1642 1118 1672 venales
1142 1642 1270 1683 pricium
1295 1652 1337 1672 xx
1352 1646 1375 1679 ἑ,
1402 1648 1432 1673 et
1456 1643 1562 1684 expen'
1579 1643 1608 1672 in

199 1707 324 1748 prandio
339 1707 419 1748 apud
435 1706 615 1747 Linlithqw.
666 1706 768 1747 Empt'
783 1717 824 1736 xv
841 1707 950 1748 pultre‚
976 1707 1027 1748 xiij
1045 1719 1184 1749 capones,
1211 1707 1254 1749 iiij
1279 1708 1355 1749 pulli
1381 1708 1573 1750 gallinarum,
1591 1709 1609 1749 ij

198 1773 350 1814 plumarii,
366 1773 396 1803 in
413 1772 513 1808 ordeo,
543 1773 624 1813 price
640 1772 747 1813 xxxvij
765 1776 776 1801 Ξ
792 1772 842 1813 viij
859 1775 888 1802 d.
936 1772 1013 1803 Item
1029 1774 1120 1814 empt’
1131 1774 1144 1814 j
1162 1773 1274 1804 vitulus
1290 1785 1419 1815 magnus
1436 1774 1522 1815 xxxij
1541 1778 1563 1811 ἒ,
1591 1775 1609 1814 ij

245 1905 368 1935 EODEM
385 1904 465 1935 DIE.
510 1904 662 1933 Dominus
681 1903 749 1934 Rex
765 1915 832 1933 cum
849 1904 1027 1945 quibusdam
1045 1905 1186 1936 Dominis
1205 1906 1332 1936 Consilli
1347 1906 1560 1946 equitauemut
1575 1906 1611 1936 de

202 1969 378 2010 Liulithqw,
396 1968 481 1999 finito
497 1968 631 2010 prandio,
648 1980 751 1999 versus
766 1969 897 2010 burgum
913 1969 949 2000 de
970 1970 1160 2012 Edinburgh.
1208 1971 1309 2012 Empt’
1321 1972 1333 2012 3
1350 1971 1464 2012 gallina
1478 1971 1607 2008 moralia

198 2037 229 2066 ix
244 2035 392 2076 qualgeis.

245 2102 311 2131 Dm
335 2101 451 2131 SAno'rt
476 2111 519 2130 xx
541 2100 686 2130 Januarii.
734 2100 844 2141 Empte
867 2107 897 2131 et
920 2101 1045 2132 liberate
1064 2101 1225 2132 willielmo
1244 2102 1442 2144 Wilkynsoun
1469 2102 1572 2144 pistori
1588 2103 1606 2143 iJ'

200 2167 298 2197 celdre
313 2166 457 2197 frumenti
472 2166 553 2207 price
570 2166 646 2196 xxix
655 2166 677 2195 fi
693 2165 733 2206 xij
747 2169 769 2203 ἓ,
787 2166 824 2196 de
839 2166 948 2207 quibus
964 2174 1164 2208 prouenerunt
1176 2168 1206 2198 in
1219 2169 1346 2209 panibus
1361 2179 1429 2199 cum
1444 2168 1472 2199 le
1484 2167 1606 2204 cherite,

200 2233 323 2274 dempta
346 2232 487 2268 multura,
512 2230 562 2272 ij‘D
579 2233 620 2273 vjc
634 2232 711 2262 lxxx
736 2243 828 2274 panes
851 2232 888 2263 de
911 2233 1060 2264 dominico
1084 2240 1114 2264 et
1137 2234 1279 2265 secundo.
1331 2234 1432 2276 Empt’
1458 2235 1477 2275 ij
1503 2239 1608 2275 quarte

201 2299 312 2340 pellok‚
329 2299 349 2340 ij
366 2304 472 2340 quarte
487 2298 586 2340 phoci,
600 2298 613 2340 3
631 2298 796 2339 congureil,
810 2298 822 2340 j
840 2299 941 2340 padill,
959 2299 989 2329 in
1005 2299 1200 2330 conchilibus.

1640 1596 1775 1625 Liulithqw.

1640 1975 1776 2006 Edinburgh
1781 1992 1787 1999 .
