1861 2703
178 272 281 308 1526.
664 268 820 304 REGIS
845 267 1034 304 JACOBI
1061 268 1106 303 V.
1543 273 1590 304 53

712 601 854 635 Summa
872 599 918 646 iiij
939 600 961 634 li
981 601 1013 646 vj
1034 605 1058 634 ἔ.

220 765 301 795 DIE
326 765 565 795 MERCURII
585 758 693 792 xxviii
719 757 860 792 Mox-eii.
911 763 1157 793 PANETRIA.
1199 756 1258 791 De
1283 757 1484 804 preintratis
1504 770 1515 791 s
1535 770 1592 792 ex-

170 927 276 962 panes
291 928 301 949 t
315 921 349 950 et
363 914 405 949 fic
420 914 547 949 restant
561 914 612 948 x‘D
626 914 685 947 lxv
698 926 817 961 paneS.
869 919 1182 950 BUTELLARIA.
1229 912 1366 960 Expen’
1379 912 1462 959 xxxj
1478 912 1593 959 lagine

171 991 310 1027 ceruifie
330 1005 341 1026 l
361 997 396 1026 et
413 991 455 1026 sle
474 991 601 1026 restant
627 1004 698 1025 xxx
728 991 843 1037 lagine
872 992 893 1038 ij
923 996 1046 1037 quarte
1074 989 1227 1026 ceruifie.
1280 997 1494 1033 COQUINA.
1536 990 1593 1024 De

169 1071 370 1118 preintratis
389 1083 400 1104 l
420 1071 544 1117 expen'
562 1071 597 1104 ix
616 1069 777 1104 mulones
795 1069 880 1116 aridj
903 1083 914 1103 s
934 1070 969 1116 ijc
987 1070 1096 1105 alleca
1113 1068 1196 1104 salsa
1223 1082 1234 1104 l
1256 1069 1270 1116 j
1290 1075 1390 1117 petra
1419 1069 1476 1116 viij
1506 1069 1593 1104 libre

170 1148 274 1196 butirj
296 1162 307 1183 s
327 1154 362 1183 et
379 1146 422 1183 fic
441 1147 570 1182 restant
588 1147 657 1194 vj(O
676 1147 747 1194 lxvj
767 1147 876 1182 alleca
894 1146 976 1182 salsa
995 1161 1006 1182 s
1025 1148 1094 1182 ixffl
1113 1153 1146 1182 vc
1164 1147 1286 1182 lxxxix
1311 1147 1497 1194 speldingis
1516 1161 1528 1182 l
1549 1147 1594 1194 iijc

170 1306 267 1340 lones
286 1310 444 1340 recentes
465 1318 476 1339 t
497 1305 544 1352 iijc
563 1305 629 1352 albj
651 1305 758 1352 pisces
778 1318 789 1339 l
808 1305 943 1352 lxxxiiij
964 1303 1144 1350 merlingis
1173 1318 1185 1339 Ι
1207 1304 1385 1351 ]“Ροι11οἰε
1404 1316 1415 1338 l
1434 1303 1456 1350 ij
1470 1303 1566 1338 ronis
1579 1317 1590 1337 t

168 1384 190 1429 ij
212 1384 336 1430 leingis
356 1385 396 1430 sj
417 1383 521 1417 turbo
542 1399 552 1416 ι
573 1383 618 1430 iiij
640 1383 844 1430 bronoscopj
867 1396 877 1417 t
896 1382 991 1429 xxiiij
1005 1382 1124 1429 polupj
1143 1382 1205 1416 sin
1218 1381 1392 1428 grenbans
1408 1394 1419 1416 l
1433 1381 1565 1416 cancris
1580 1397 1590 1414 ι

169 1461 322 1496 fundolis
341 1475 353 1496 s
371 1461 406 1508 iij
426 1461 563 1508 padillis
593 1474 605 1494 s
636 1461 671 1495 in
690 1459 872 1508 sperlingis
891 1473 903 1494 s
922 1459 1032 1507 ostrijs
1051 1473 1063 1494 s
1081 1459 1203 1494 bukeis
1222 1475 1232 1493 s
1252 1459 1467 1494 conchilibus
1485 1476 1496 1493 ι
1516 1471 1593 1494 cru-

219 1858 301 1888 DIE
329 1858 461 1888 JOUIS
479 1852 564 1886 xxix
583 1851 723 1886 Mercii.
775 1858 1023 1888 PANETRIA.
1062 1851 1121 1886 De
1138 1852 1339 1899 preintratis
1365 1865 1377 1886 s
1405 1852 1530 1899 expen'
1546 1865 1592 1887 xv
1605 1866 1680 1886 cmm

170 1942 277 1976 panes
306 1947 316 1963 l
347 1930 437 1965 Item
457 1931 500 1965 de
518 1929 671 1965 secundo
690 1931 815 1977 expen'
833 1931 869 1964 in
888 1930 1065 1965 domicilio
1085 1930 1114 1976 jc
1142 1930 1166 1977 ij
1183 1942 1290 1977 panes
1316 1943 1328 1963 t
1357 1929 1447 1964 Item
1467 1931 1592 1977 expen'
1605 1906 1718 1925 nomm.

170 2009 206 2042 in
224 2007 363 2055 pastillis
381 2009 498 2055 xxxvij
520 2021 625 2055 panes
645 2022 657 2042 s
678 2008 769 2042 Item
789 2008 1041 2042 distribuuntur
1058 2007 1269 2055 pauperibus
1286 2021 1349 2055 per
1374 2020 1499 2043 manus
1517 2008 1592 2043 Do-

171 2086 255 2119 mini
273 2085 377 2119 nostri
399 2085 508 2132 Regis
534 2087 570 2119 in
597 2084 742 2120 seruicio
774 2099 968 2133 pauperum
996 2087 1067 2133 xiiij
1096 2099 1202 2134 panes
1230 2100 1241 2121 l
1270 2087 1413 2122 Summa
1431 2088 1593 2135 expensa-

171 2175 248 2196 rum
262 2162 290 2209 jc
308 2162 403 2209 lxviij
427 2175 531 2210 panes
550 2180 561 2197 l
582 2169 616 2198 et
629 2162 672 2198 fic
687 2163 814 2198 restant
826 2164 894 2198 ix‘s‘
908 2165 980 2211 viijc
993 2170 1044 2199 vxx
1058 2164 1127 2212 xvij
1142 2177 1260 2212 panes.
1311 2172 1592 2203 BUTELARIA.

170 2239 228 2274 De
247 2238 389 2275 ceruifia
407 2241 601 2288 preintrata
620 2258 631 2275 ι
652 2243 778 2290 expen’
795 2255 866 2276 xxx
884 2242 1000 2290 lagine
1012 2242 1034 2290 ij
1047 2248 1170 2290 quarte
1185 2242 1325 2279 eeruifie
1337 2244 1374 2280 in
1388 2245 1565 2281 domicilio
1581 2260 1591 2280 s

170 2323 204 2352 et
220 2315 263 2352 slc
282 2329 370 2364 eque
397 2332 410 2352 t
440 2318 530 2354 Item
549 2320 655 2367 empt’
674 2319 717 2355 de
735 2320 848 2367 burgo
867 2320 903 2355 lx
921 2320 1037 2368 lagine
1058 2320 1200 2358 ceruifie
1218 2322 1362 2358 taberne
1373 2324 1469 2371 price
1480 2324 1527 2371 iiij
1541 2326 1589 2360 iil
