1861 2703
164 257 270 291 1528.
664 250 821 287 REGIS
846 250 1035 288 JACOBI
1063 251 1110 286 V.
1516 255 1583 286 115

161 353 254 400 apud
272 350 464 396 Striueling
476 351 504 397 jc
521 348 580 396 xlij
602 360 710 396 panes
728 361 740 383 l
760 353 795 384 et
823 347 867 383 fic
896 348 1023 384 restant
1053 348 1110 382 x‘s'
1137 348 1184 382 ixc
1214 361 1285 382 xxx
1313 360 1420 396 panes
1447 360 1458 383 Ι
1488 348 1579 384 Item
1607 362 1740 385 sanem.

164 430 270 477 empt’
287 429 324 463 in
343 427 514 463 Falkland
534 427 569 474 ijc
586 439 693 475 panes
710 427 851 462 venales
868 427 964 474 xlviij
984 432 999 462 3
1018 440 1029 462 s
1049 432 1083 462 et
1100 427 1240 462 restant.
1291 433 1582 464 BUTELARIA.

161 509 223 543 De
243 505 386 542 ceruifia
402 506 597 554 preintrata
622 506 747 553 expen'
773 505 809 540 xl
836 505 952 552 lagine
983 505 1124 540 ceruifie
1154 519 1165 540 l
1197 511 1231 540 et
1262 505 1304 540 fic
1334 505 1462 540 restant
1488 507 1581 552 apud

163 584 356 632 Striueling
373 589 423 620 vxx
443 597 464 619 v
482 584 598 631 lagine
624 581 776 619 eeruifie.
829 589 1045 627 COQUINA.
1086 584 1204 632 Empt'
1228 584 1281 632 j‘s‘
1313 584 1422 619 alleca
1442 584 1496 631 [jc
1514 584 1580 629 albj

162 662 270 710 pisces
289 677 301 698 l
319 663 356 698 lx
373 663 553 710 merlingis
577 676 587 697 s
607 663 643 697 lx
661 661 813 697 m‘fische
833 675 844 696 l
863 668 896 697 vc
914 661 1096 709 spei-lingis
1116 676 1127 696 l
1146 662 1180 709 iij
1201 661 1371 697 salmones
1396 667 1555 697 recentes
1572 675 1581 695 t

162 741 211 787 iijC
228 746 280 776 v¹¹
306 742 465 788 peelines
485 754 496 776 l
516 741 552 775 in
582 741 736 776 fundolis
756 754 767 775 s
787 741 890 775 trutis
907 741 1119 775 torrentium
1149 754 1161 775 s
1192 739 1260 775 sale
1290 754 1301 775 l
1332 740 1499 787 anguillis
1520 756 1530 776 s
1551 746 1585 775 et

163 820 281 866 pranis
300 833 312 853 t
330 820 416 866 varij
436 819 541 866 precij
564 832 575 853 s
596 819 739 854 Summa
756 818 789 865 vj
804 819 830 853 fi
848 819 883 865 iij
902 822 917 853 3
934 819 981 865 iiij
1001 819 1025 854 d
1044 833 1055 853 l
1075 824 1109 854 et
1128 820 1252 866 expen’
1272 832 1283 853 t
1303 820 1363 854 De
1382 820 1582 867 preintratis

165 899 317 945 expen'j
337 902 437 945 petra
453 897 512 944 viij
532 897 620 932 libre
638 896 744 943 butirj
766 909 778 930 l
797 902 833 930 et
850 894 894 930 fic
913 909 1012 943 eque.

640 974 785 1008 Summa
801 974 860 1021 viij
878 974 903 1008 ii
924 973 957 1021 xj
978 979 992 1009 3
1010 974 1056 1021 iiij
1077 975 1112 1009 d.

213 1137 295 1168 DIE
320 1137 557 1168 DOMINICO
583 1131 669 1166 xxiii
689 1131 852 1178 Augusti.
904 1138 1153 1168 PANETRIA.
1192 1133 1254 1167 De
1280 1133 1481 1181 preintratis
1501 1152 1510 1168 s
1531 1148 1587 1170 ex-

165 1211 245 1256 pen’
258 1210 286 1256 jc
301 1210 431 1257 xxxviij
447 1222 555 1257 panes
569 1222 580 1244 s
594 1215 629 1245 et
645 1209 688 1244 fic
699 1209 828 1244 restant
846 1210 954 1256 lxxxij
968 1222 1087 1257 panes,
1138 1217 1419 1249 BUTELARIA.
1467 1212 1585 1261 Empt'

165 1287 204 1321 lx
220 1287 337 1334 lagine
356 1286 497 1324 ceruifie
514 1301 525 1322 l
540 1287 689 1335 pricium
707 1288 754 1335 iiij
772 1289 798 1323 ii
817 1301 828 1323 l
848 1288 891 1323 de
903 1288 1028 1335 quibus
1041 1290 1165 1337 expen'
1178 1290 1286 1324 xxxix
1300 1291 1417 1338 lagine
1431 1292 1451 1339 ij
1467 1298 1589 1339 quarte

168 1365 309 1402 ceruifie
330 1380 341 1401 t
360 1372 395 1402 et
412 1365 456 1401 fic
474 1366 602 1401 restant
618 1380 667 1402 xx
684 1367 800 1414 lagine
819 1367 840 1413 ij
861 1373 984 1414 quarte
1002 1367 1154 1403 ceruifie.
1212 1376 1433 1413 COQUINA.
1472 1371 1590 1419 Empt’

167 1445 215 1492 iiij
229 1444 386 1491 carcagia
399 1450 592 1480 mertarum
605 1444 801 1480 hex-balium
810 1446 977 1493 [pricium
990 1447 1042 1481 vii
1055 1447 1101 1494 xij
1116 1451 1131 1482 3
1143 1460 1154 1482 l
1168 1448 1238 1495 xvij
1252 1452 1415 1484 mutones
1430 1450 1476 1497 iiij
1486 1450 1511 1485 ii
1521 1455 1564 1485 v3
1577 1469 1586 1484 ι

168 1523 211 1558 de
226 1522 350 1569 quibus
364 1524 489 1570 expen'
502 1523 525 1571 ij
539 1528 650 1559 merte
662 1524 697 1571 iij
713 1528 835 1570 quarte
846 1523 870 1571 ὲ
884 1523 954 1559 eost
966 1529 1078 1559 merte
1094 1538 1105 1559 s
1120 1538 1143 1560 x
1155 1531 1318 1562 mutones
1333 1540 1345 1561 l
1360 1533 1395 1562 et
1408 1527 1451 1563 fic
1462 1528 1590 1564 restant

163 1601 177 1647 j
198 1605 310 1635 merta
328 1600 351 1648 ἐξ
369 1606 493 1647 quarta
509 1600 533 1649 ὲ
551 1601 621 1637 eost
637 1606 749 1637 mex-te
768 1614 781 1636 l
799 1601 845 1649 vij
862 1607 1025 1637 mutones
1044 1615 1056 1637 t
1075 1602 1168 1638 Item
1187 1605 1293 1652 empt'
1306 1605 1329 1652 ij
1349 1606 1449 1654 vitulj
1464 1608 1564 1654 parui
1582 1622 1591 1641 s

170 1691 193 1713 x
210 1678 297 1714 libre
328 1679 403 1726 cepi
424 1692 434 1713 t
454 1679 476 1727 ij
499 1679 614 1726 lagine
633 1695 645 1714 t
663 1680 710 1728 xij
730 1683 745 1715 3
764 1694 776 1715 l
795 1680 852 1728 viij
881 1680 1001 1727 lingue
1028 1681 1169 1717 ceruifie
1199 1696 1222 1718 x
1239 1688 1255 1718 3
1272 1684 1330 1731 viij
1349 1684 1373 1719 d
1392 1698 1403 1719 t
1423 1698 1469 1719 xx
1488 1699 1593 1733 panes

170 1757 204 1803 iij
224 1761 238 1791 3
256 1757 301 1803 iiij
321 1757 346 1792 d
373 1770 384 1791 l
412 1761 448 1792 et
475 1759 600 1805 expen’
627 1772 639 1793 l
669 1758 761 1794 Item
780 1759 886 1806 empt’
915 1758 952 1793 xl
969 1759 1268 1806 pulligallinarum
1301 1776 1312 1797 s
1343 1763 1413 1810 xvij
1445 1764 1561 1810 pultre
1582 1779 1592 1797 l

170 1835 253 1882 xviij
282 1847 432 1882 capones
451 1848 462 1869 l
481 1836 516 1882 iij
536 1836 613 1871 telis
633 1836 672 1884 Jj
698 1836 773 1884 snip
799 1849 811 1871 l
830 1837 877 1884 iiij
900 1837 1052 1885 cuniculj
1075 1851 1086 1872 l
1105 1839 1141 1873 in
1167 1838 1235 1874 sale
1255 1853 1266 1874 t
1285 1840 1394 1875 ordeo
1415 1855 1426 1875 l
1445 1841 1562 1877 butiro
1583 1860 1591 1875 l

172 1913 248 1947 ouis
267 1925 279 1947 Ι
300 1918 335 1947 et
352 1911 449 1948 caseo
469 1927 480 1947 l
499 1914 585 1962 varij
604 1914 711 1962 precij
733 1926 745 1950 Ι
764 1914 909 1949 Summa
923 1916 970 1963 iiij
985 1916 1010 1951 ii
1027 1916 1099 1963 xiiij
1120 1920 1135 1951 3
1152 1917 1197 1964 vij
1213 1918 1237 1953 d
1256 1931 1267 1952 s
1287 1924 1321 1953 et
1339 1921 1474 1967 expen’.

631 1991 776 2027 Summa
793 1993 853 2028 xix
869 1994 895 2029 fi
912 1993 981 2041 xvij
1002 1999 1017 2030 3
1035 1994 1079 2042 vij
1098 1996 1133 2031 d.

223 2153 306 2183 DIE
324 2153 451 2184 LUNE
478 2148 576 2182 xxiiii
604 2148 767 2196 Augusti.
819 2156 1070 2189 PANETRIA.
1105 2153 1167 2189 De
1194 2155 1396 2201 preintratis
1428 2171 1440 2191 l
1472 2161 1595 2205 expen’

174 2224 283 2273 lxxxij
304 2237 413 2273 panes
430 2241 441 2260 ι
463 2225 555 2261 Item
573 2227 680 2275 empt’
692 2227 721 2275 je
738 2240 846 2276 panes
864 2242 911 2264 xx
929 2234 944 2266 3
963 2243 974 2265 s
993 2231 1037 2266 de
1050 2231 1174 2278 quibus
1193 2234 1318 2281 expen'
1336 2234 1444 2283 lxxvij
1463 2249 1570 2285 panes
1585 2251 1594 2270 κ

176 2307 212 2338 et
228 2302 272 2340 fic
289 2303 418 2340 restant
442 2303 516 2353 xliij
536 2317 654 2353 paneS.
707 2312 989 2346 BUTELARIA.
1029 2309 1166 2359 Expen’
1195 2325 1243 2348 xx
1273 2312 1389 2360 lagine
1420 2315 1443 2362 ij
1476 2322 1597 2361 quarte

1613 442 1734 465 Falklnnd.
