1861 2703
172 222 276 255 1525·
660 218 816 254 REGIS
842 218 1032 254 JACOBI
1059 219 1105 255 V.
1542 224 1590 262 97

170 316 227 363 quj
247 314 325 350 sunt
342 314 411 361 xvij
433 314 504 348 dies
520 326 531 347 s
545 314 760 361 capientibus
772 316 808 349 in
823 316 944 350 auenis
959 329 970 350 s
986 316 1067 351 seno
1087 330 1098 350 s
1112 322 1146 352 et
1160 329 1249 364 pane
1264 317 1392 363 equino
1404 317 1449 364 vij
1466 321 1480 352 ἔ
1495 316 1551 364 viij
1565 318 1589 352 d

169 394 204 427 in
223 393 328 427 noete
348 405 359 426 l
378 405 513 426 summa.
531 394 563 439 vj
582 392 607 426 ii
625 406 647 426 x
665 397 680 427 ἔ
698 393 743 440 iiij
763 393 788 428 d
815 407 825 427 s
857 393 946 428 Item
967 396 1091 442 expeu’
1106 395 1207 443 super
1220 396 1297 443 iiijor
1317 395 1413 441 equis
1429 394 1585 441 Magistrj

169 470 300 517 Stabulj
322 483 333 504 1
352 470 504 516 quinque
524 470 744 505 Seruitorum
766 471 897 518 Stabulj
934 485 945 506 s
977 472 1087 507 tribus
1107 473 1234 520 Clericj
1256 473 1513 521 Compotorum
1534 487 1544 506 s
1564 473 1585 519 ij

169 547 326 595 Magistrj
345 548 478 583 Auerie
498 565 507 582 ι
527 549 549 595 ij
571 548 753 597 Senescallj
776 550 953 597 Domicilij
973 563 983 584 s
1002 551 1021 597 ij
1044 550 1196 599 Robertj
1218 552 1292 587 Gib
1307 565 1318 585 l
1334 564 1473 586 necnon
1492 551 1587 598 equis

165 625 336 661 Johannis
364 626 460 661 Bane
487 626 723 674 sumpterman
745 644 753 660 s
776 627 882 661 Fabri
903 641 913 661 s
934 633 968 662 et
987 640 1057 662 vno
1077 641 1167 674 equo
1188 629 1461 664 Abbreviatoris
1480 629 1585 664 Com-

166 710 329 751 potorum
352 718 362 739 t
382 705 440 751 qui
468 705 544 739 sunt
576 706 612 739 in
643 718 791 739 numero
810 706 866 753 xxj
888 706 965 753 equj
988 719 998 739 s
1018 707 1283 741 remanentibus
1310 708 1345 741 in
1376 707 1585 754 Edinburgh

166 788 200 815 et
220 781 389 817 Dauketh
419 796 481 830 per
512 783 644 817 dictum
674 788 810 830 tempus
840 797 851 817 s
880 783 1036 829 quolibet
1067 797 1189 818 eorum
1221 785 1379 831 capiente
1409 786 1443 819 in
1476 786 1531 819 die
1550 787 1586 819 in

165 860 274 907 gagijs
302 860 371 907 fenj
402 865 436 894 et
464 860 585 907 auenjs
609 860 665 894 sex
698 860 859 894 denarios
891 874 902 894 s
933 874 1069 895 summu
1096 862 1154 908 viij
1174 862 1198 896 Ῐὶ
1217 862 1299 909 xviij
1320 866 1336 896 ἔ
1352 862 1385 909 vj
1405 863 1429 897 d
1454 876 1464 896 s
1496 863 1585 897 Item

166 937 266 972 iblut’
298 951 363 985 pro
398 938 501 972 feodo
536 938 747 972 stabulorum
777 938 847 985 xiiij
881 939 977 985 equis
1005 952 1067 986 per
1093 939 1138 987 vij
1168 940 1292 974 noctes
1326 940 1417 974 infra
1450 941 1585 975 dietum

164 1022 301 1063 tempus
319 1016 412 1063 apud
431 1016 601 1050 Dauketh
619 1017 680 1063 viij
700 1021 715 1051 ἔ
734 1016 753 1064 ij
774 1017 798 1051 d
826 1030 836 1050 s
868 1016 958 1052 Item
977 1019 1101 1065 expen'
1120 1018 1221 1065 super
1237 1031 1308 1053 vno
1327 1031 1417 1065 equo
1436 1019 1582 1064 Dominj

167 1093 273 1140 Regis
294 1108 305 1129 s
320 1107 423 1141 quem
442 1093 556 1129 seruat
573 1094 754 1130 Johannes
768 1094 866 1141 Boge
882 1108 892 1129 s
908 1101 1112 1130 remanente
1126 1096 1161 1130 in
1176 1096 1384 1144 Edinburgh
1396 1110 1459 1145 per
1476 1111 1499 1131 x
1512 1098 1584 1132 dies

163 1172 252 1207 infra
271 1178 407 1220 tempus
425 1173 623 1220 predictum
645 1190 654 1207 s
675 1174 710 1207 in
730 1175 851 1208 auenis
871 1187 882 1208 s
901 1174 983 1209 feno
1003 1188 1013 1208 s
1034 1180 1068 1208 et
1086 1187 1175 1222 pane
1195 1176 1323 1222 equino
1341 1176 1399 1223 xiij
1420 1180 1435 1210 's'
1452 1176 1498 1223 iiij
1518 1177 1551 1212 d.

566 1252 708 1286 Summa
726 1253 873 1299 pecunie
891 1253 947 1300 xvj
967 1253 991 1287 ii
1010 1266 1033 1286 x
1051 1257 1065 1287 Ξ
1083 1253 1128 1300 iiij
1149 1253 1183 1287 d.

213 1409 349 1443 SOLUT’
361 1421 423 1455 per
438 1408 572 1443 dietum
588 1407 835 1443 Rotulatorem
851 1422 914 1457 pro
926 1410 1059 1457 pabulo
1074 1423 1245 1457 equorum
1261 1411 1408 1460 Dominj
1427 1412 1535 1459 Regis
1547 1419 1581 1448 et

163 1487 370 1521 seruitorum
390 1485 542 1520 eiustlem
561 1487 796 1532 equitancium
812 1487 855 1521 de
871 1487 1080 1535 Edinburgh
1099 1489 1234 1524 decimo
1248 1489 1395 1537 septimo
1412 1491 1581 1539 Augustjs

163 1565 423 1599 remanencium
444 1564 479 1598 in
499 1564 614 1599 Peblis
632 1570 666 1598 et
693 1564 832 1611 Selkrig
857 1565 962 1611 Vsque
985 1565 1182 1601 vicesimum
1207 1568 1358 1614 primum
1385 1568 1475 1603 diem
1496 1569 1580 1616 dietj

162 1642 283 1678 meniis
298 1643 333 1677 in
348 1643 468 1677 amenis
484 1656 494 1676 l
510 1642 591 1677 seno
608 1658 617 1675 s
634 1655 723 1689 pane
743 1644 872 1689 equino
893 1656 903 1677 s
924 1649 958 1678 et
972 1644 1075 1678 feodo
1089 1644 1299 1680 stabulorum
1322 1659 1334 1680 Ι
1352 1651 1390 1680 vt
1404 1652 1499 1693 patet
1514 1647 1582 1681 dic-

161 1728 274 1755 tarum
295 1720 523 1768 expensarum
542 1720 642 1768 super
662 1721 879 1768 Compotum
898 1722 1175 1758 examinatarum
1197 1736 1208 1757 s
1228 1724 1261 1771 iij
1281 1724 1305 1759 ii
1323 1724 1394 1771 xvij
1414 1729 1429 1759 ἔ
1447 1725 1492 1771 iiij
1512 1726 1546 1760 d.

736 1800 879 1834 Summa
897 1806 1002 1848 patet.

211 1955 366 1990 Dsscmo
403 1967 552 1989 OCTAUO
589 1955 826 1990 SEPTEMDRIS
856 1969 866 1989 l
896 1956 996 2003 Rege
1031 1963 1234 1992 remanente
1268 1958 1304 1992 in
1341 1958 1549 2006 Edinburgh
1569 1973 1580 1993 s

160 2034 284 2081 expen'
311 2032 411 2081 super
440 2033 496 2067 sex
525 2033 621 2079 equis
648 2032 795 2080 Dominj
832 2033 941 2080 Regis
961 2047 972 2067 l
994 2034 1069 2082 iiijor
1092 2034 1249 2083 Magiflrj
1274 2035 1406 2084 Stabulj
1428 2050 1439 2071 t
1459 2037 1481 2084 ij
1503 2036 1581 2072 Ma-

160 2112 250 2159 gistrj
270 2111 404 2146 Auerie
425 2124 435 2145 s
456 2111 565 2145 tribus
584 2112 680 2157 equis
696 2111 823 2159 Clericj
841 2111 1099 2159 Compotorum
1120 2126 1130 2147 s
1150 2113 1286 2148 duobus
1301 2113 1485 2162 Senescallj
1506 2114 1582 2149 Do-

159 2190 277 2237 micilij
308 2206 317 2223 ι
348 2190 367 2237 ij
391 2189 537 2236 Robertj
560 2188 632 2224 Gib
651 2190 806 2223 vacantis
823 2201 885 2236 per
909 2188 1056 2237 strepam
1077 2190 1221 2238 Dominj
1259 2191 1367 2238 Regis
1387 2206 1399 2226 s
1418 2205 1457 2227 ac
1485 2194 1582 2238 equis

162 2268 307 2316 Robertj
330 2267 474 2303 Purwes
495 2281 506 2302 s
529 2267 701 2303 Johannis
721 2267 868 2302 Purwes
896 2281 906 2301 s
937 2268 1083 2304 Andree
1112 2268 1335 2305 Michelsoun
1368 2284 1378 2304 t
1410 2270 1581 2306 ,Iohannis

844 2357 869 2380 N
