1861 2703
262 217 330 249 142
729 209 887 244 LIBER
915 205 1192 243 DOMICILII
1571 208 1674 240 1528.

391 521 538 552 LIBER
562 519 814 551 DOMICILII
841 519 1058 550 SUPREMI
1082 517 1265 549 DOMINI
1292 518 1432 549 REGIS
1452 518 1514 548 DE
1545 517 1679 548 ANNO

390 603 573 635 DOMINI
618 604 675 634 &c.
733 601 1152 638 QUINGENTESIMO
1203 600 1435 631 VICESIMO
1482 600 1682 631 OCTAUO

391 685 622 717 ROBERTO
663 683 898 715 BERTOUN
944 683 1009 713 DE
1058 682 1486 713 VUIRBERNETOUN
1530 681 1684 712 MINIS·

392 766 589 797 TRANTE
619 766 669 796 IN
704 764 899 796 OFFICIO
936 764 1286 796 COMPOTORUM
1326 763 1683 794 ROTULATORIS.

312 918 394 948 DIE
420 917 587 947 SABOTI
607 910 683 944 xiii⁰
703 910 843 957 Mereij.
896 916 1156 946 PANETRIA.
1199 909 1257 943 De
1285 910 1486 956 preintratis
1519 923 1530 943 l
1563 910 1686 956 expen'

103 1000 237 1029 Striueling.
265 990 358 1037 apud
377 989 585 1036 Edinburgh
605 989 640 1023 in
657 988 805 1036 prandio
830 988 859 1034 jc
877 988 959 1035 xxiij
980 1001 1087 1035 panes
1107 1001 1118 1022 l
1140 987 1231 1022 Item
1251 989 1357 1035 empt'
1375 988 1468 1035 apud
1495 987 1687 1033 Striueling

265 1067 301 1113 ijc
319 1067 352 1114 iij
373 1080 480 1114 panes
508 1067 650 1101 venales
670 1079 681 1100 l
699 1066 847 1113 pricium
866 1065 912 1112 xlj
932 1070 947 1100 ἔ
980 1079 990 1099 l
1022 1064 1066 1100 fic
1096 1065 1225 1100 restant
1243 1065 1279 1099 in
1297 1071 1373 1099 toto
1392 1078 1541 1100 vnacum
1571 1066 1688 1112 proui-

267 1144 368 1179 fionis
388 1144 583 1190 Edinburgj
615 1143 686 1191 fija)
714 1144 749 1190 ijc
779 1143 904 1190 lxxxxj
937 1156 1056 1190 paneS.
1108 1150 1391 1181 BUTELARIA.
1434 1143 1570 1190 Expen'
1596 1144 1688 1190 apud

270 1222 479 1268 Edinburgh
497 1235 591 1257 xxxv
610 1222 726 1268 lagine
757 1222 791 1268 iij
824 1227 946 1268 quarte
974 1221 1115 1256 ceruifie
1145 1235 1157 1256 l
1186 1223 1277 1257 Item
1307 1227 1421 1269 empte
1451 1222 1494 1256 de
1523 1221 1636 1268 burgo
1655 1222 1690 1256 in

274 1300 466 1347 Striueling
479 1303 506 1347 j‘
524 1300 639 1347 lagine
659 1298 799 1335 eeruifie
817 1300 962 1335 taberne
991 1314 1002 1334 l
1033 1300 1180 1347 pricium
1199 1301 1257 1348 viij
1276 1302 1300 1335 ii
1321 1314 1332 1335 J
1352 1306 1386 1335 et
1403 1300 1446 1335 fic
1464 1299 1592 1335 restant
1610 1313 1690 1334 vna-

275 1457 435 1492 mulones
453 1461 610 1491 recentes
630 1470 640 1490 J
660 1456 755 1503 xxiiij
775 1455 955 1502 merlingis
975 1470 986 1490 s
1005 1457 1101 1504 xxiiij
1130 1457 1196 1504 albj
1226 1457 1331 1504 pisces
1363 1472 1373 1491 l
1398 1460 1425 1505 jc
1443 1459 1552 1494 alleca
1571 1473 1582 1493 s
1603 1460 1637 1506 ij<
1656 1460 1692 1494 lx

276 1534 432 1581 peetines
450 1534 583 1568 marine
604 1547 614 1568 s
634 1534 716 1581 xviij
737 1533 856 1581 polupj
879 1547 889 1568 t
908 1534 930 1581 ij
950 1534 1087 1581 padillis
1115 1548 1126 1568 s
1158 1535 1180 1581 ij
1200 1536 1295 1569 ronis
1327 1549 1338 1569 s
1365 1535 1378 1583 j
1411 1536 1506 1583 leing
1537 1551 1547 1571 s
1578 1538 1600 1584 ij
1620 1543 1692 1572 tui·-

276 1613 384 1646 bones
404 1625 414 1645 s
434 1612 515 1658 xviij
535 1612 616 1658 lucij
639 1625 649 1645 s
663 1612 714 1658 j‘s’
732 1612 768 1657 ij⁰
786 1611 887 1645 ostria
906 1625 918 1646 s
937 1612 983 1658 vij
1009 1612 1178 1646 salmones
1198 1614 1237 1658 sj
1257 1612 1380 1659 kipper
1413 1627 1423 1647 s
1454 1614 1490 1648 in
1520 1616 1632 1661 pomis
1659 1623 1692 1650 et

278 1689 375 1724 caseo
395 1703 406 1723 s
426 1689 511 1736 varij
539 1690 645 1736 precij
676 1703 687 1723 s
715 1689 859 1723 Summa
876 1691 908 1736 vj
928 1690 953 1724 fi
971 1692 1028 1736 xvj
1049 1694 1063 1724 ἓ
1081 1689 1113 1736 xj
1133 1690 1157 1724 d
1177 1703 1187 1723 s
1207 1695 1242 1724 et
1260 1692 1383 1737 expen'
1411 1705 1422 1725 s
1452 1691 1542 1727 Item
1570 1696 1693 1741 expen'

273 1767 286 1813 j
307 1772 406 1813 petra
424 1767 468 1813 vij
490 1766 576 1800 libre
594 1766 698 1813 butirj
720 1780 730 1800 t
753 1766 843 1801 Item
863 1767 968 1814 empt'
988 1766 1020 1813 iij
1041 1771 1139 1813 petre
1158 1766 1202 1813 vij
1223 1766 1310 1800 libre
1328 1767 1432 1814 butirj
1452 1769 1545 1816 xxvij
1565 1773 1580 1803 ἔ
1596 1770 1630 1816 iij
1644 1771 1667 1806 d
1684 1785 1693 1804 s

279 1850 313 1878 et
330 1843 373 1878 fic
391 1844 518 1878 restant
536 1844 629 1891 apud
661 1844 870 1890 Edinburgh
895 1845 977 1891 xxiij
999 1851 1097 1892 petre
1115 1844 1161 1891 xij
1182 1844 1268 1879 libre
1286 1844 1390 1891 butirj
1421 1859 1432 1879 s
1461 1846 1552 1881 Item
1572 1850 1697 1895 expen'

275 1924 302 1969 j
320 1922 467 1969 lxxxxiij
488 1922 677 1969 speldingis
707 1936 717 1956 s
746 1922 837 1957 Item
856 1921 954 1957 miffe
972 1923 1089 1957 versus
1108 1923 1300 1969 Striueling
1312 1923 1362 1969 j(D
1375 1923 1561 1971 speldingis
1576 1939 1587 1960 l
1603 1932 1636 1960 et
1654 1925 1697 1960 fic

282 2000 408 2035 restant
430 2000 522 2047 apud
543 2000 752 2046 Edinburgh
765 2000 794 2047 jc
814 2000 872 2047 xiij
890 2000 1075 2047 speldingis
1088 2000 1242 2036 liberatis
1261 2001 1401 2038 diuerfis
1414 2004 1567 2050 personis
1580 2017 1591 2038 s
1611 2010 1645 2039 et
1656 2004 1697 2039 fic

283 2091 370 2124 eque
390 2092 400 2112 l
422 2078 513 2112 Item
529 2080 652 2125 expen’
666 2078 737 2125 xvij
754 2078 914 2113 mulones
932 2091 942 2112 s
958 2079 992 2126 iij
1008 2077 1115 2125 girlfis
1132 2093 1142 2113 s
1158 2080 1193 2126 ijc
1210 2080 1269 2127 xlij
1286 2081 1394 2116 alleca
1411 2081 1493 2116 salsa
1508 2095 1519 2116 t
1532 2087 1567 2117 et
1579 2081 1622 2117 fic
1633 2082 1699 2117 res-

285 2161 361 2190 tant
374 2155 455 2202 iiij‘s'
470 2156 527 2202 vijc
539 2156 596 2203 xiij
614 2156 721 2191 alleca
733 2156 814 2191 salsa
827 2157 918 2203 apud
936 2156 1143 2203 Edinburgh
1161 2170 1171 2192 t
1188 2164 1222 2192 et
1235 2157 1278 2193 fic
1290 2159 1417 2194 restant
1517 2160 1687 2195 mulones.

767 2234 911 2269 Summa
928 2235 1011 2282 xviij
1031 2235 1055 2269 ii
1074 2247 1095 2270 v
1114 2240 1128 2270 ἔ
1146 2236 1167 2282 ij
1187 2236 1221 2271 d.
