1861 2703
184 254 286 286 1528.
683 246 839 281 REGIS
865 245 1054 281 JACOBI
1087 246 1127 280 V.
1536 248 1605 280 lQS

184 348 392 393 Hadington
404 345 432 391 jc
449 356 520 379 xxv
538 355 645 390 panes
673 356 684 376 l
713 343 857 378 Summa
875 343 1101 390 expensarum
1122 342 1157 390 ijc
1175 355 1246 376 xxx
1264 355 1370 389 panes
1391 356 1401 377 s
1422 347 1456 376 et
1475 340 1518 377 fic
1535 341 1601 377 res·
1618 354 1761 383 nmnngmn.

180 430 256 459 tant
273 423 364 471 apud
384 421 593 468 Edinburgh
611 421 680 468 xj‘D
694 421 729 468 ijc
748 427 797 455 vxx
816 421 863 468 iiij
884 433 990 469 panes
1019 434 1029 455 Ι
1052 421 1143 456 Item
1171 422 1276 468 empt'
1289 421 1317 468 jc
1334 433 1442 468 panes
1459 421 1600 456 venales

181 515 227 536 xx
247 507 261 536 3
283 513 290 535 ι
311 506 345 535 et
376 500 514 535 restant.
567 504 850 535 BUTELARIA.
896 499 1031 547 Expen’
1055 500 1149 546 xxvij
1175 500 1291 545 lagine
1310 498 1451 534 ceruifie
1472 514 1482 534 s
1503 506 1537 534 et
1559 500 1601 534 lic

180 579 307 614 restant
321 579 394 613 lxix
408 578 543 625 laginej
564 582 688 624 quarta
707 576 847 611 ceruifie
876 591 887 611 s
916 578 1007 612 Item
1027 579 1133 625 empt‘
1152 579 1188 612 in
1206 577 1415 624 Hadington
1432 578 1468 613 xl
1487 578 1601 625 lagine

181 656 321 692 ceruifie
344 657 377 704 iij
396 657 422 692 ii
440 656 471 703 vj
492 661 507 691 3
524 656 581 703 viij
601 655 625 691 d
646 668 654 690 1
675 661 709 690 et
728 655 866 690 restant.
920 662 1135 699 COQUINA.
1166 656 1282 704 Empt'
1298 657 1318 703 ij
1336 663 1446 692 merte
1461 657 1482 704 ij
1502 670 1603 704 quar-

181 742 215 770 te
230 736 275 782 iiij
288 736 312 770 ii
328 749 339 770 l
359 735 429 783 xvij
448 739 611 769 mutones
629 734 675 780 iiij
692 734 717 767 ii
733 747 752 768 v
764 739 779 769 3
798 748 809 768 s
831 735 876 781 iiij
895 734 982 769 libre
998 737 1072 782 cepj
1095 748 1106 768 l
1130 735 1177 782 iiij
1197 735 1317 782 lingue
1334 735 1463 770 bonine
1485 749 1495 770 J
1514 736 1548 782 iij
1562 741 1577 770 3
1591 750 1601 770 s

183 820 217 848 et
237 814 361 861 expen'
375 827 386 847 s
401 813 492 847 Item
507 812 612 859 empt’
627 812 758 858 xxxviij
774 812 1073 859 pulligallinarum
1095 826 1106 847 s
1125 814 1233 861 xxviij
1249 813 1365 860 pultre
1382 828 1392 847 t
1408 815 1489 861 xxvj
1504 828 1604 862 capo-

184 904 245 926 nes
265 905 276 925 s
296 893 401 938 xxxvj
421 890 584 938 pluuiarij
606 903 617 923 l
636 902 659 923 x
673 889 823 936 cuniculj
847 903 856 923 s
876 902 898 923 v
914 890 1000 937 pullj
1017 890 1262 925 cuniculorum
1284 905 1294 925 Ι
1314 892 1350 925 in
1365 892 1473 926 ordeo
1488 906 1498 926 s
1513 893 1579 927 sale
1594 908 1605 927 l

186 969 302 1003 butiro
324 982 334 1002 Ι
354 969 430 1003 ouis
449 981 461 1002 l
480 967 576 1002 caseo
598 980 609 1002 Ι
628 967 740 1014 pomis
760 980 770 1000 l
790 973 824 1001 et
842 968 925 1014 piris
946 981 957 1001 Ι
976 969 1061 1015 varij
1089 969 1196 1016 precij
1227 983 1237 1003 s
1267 969 1411 1005 Summa
1428 971 1463 1004 ix
1480 971 1505 1005 ii
1523 972 1581 1019 viij
1595 978 1610 1007 3

186 1046 217 1093 vj
234 1047 258 1081 d
271 1060 282 1080 s
299 1051 334 1081 et
352 1047 476 1093 expen’
493 1059 504 1079 t
525 1045 616 1080 Item
636 1045 742 1092 empt’
756 1045 789 1079 in
811 1044 1045 1091 Hadingtoun
1059 1046 1092 1092 xj
1109 1051 1273 1081 mutones
1288 1046 1323 1082 lv
1343 1052 1358 1081 3
1377 1061 1387 1081 s
1408 1053 1442 1082 et
1457 1051 1592 1095 expen’.

641 1123 785 1158 Summa
802 1123 884 1170 xxiij
905 1124 928 1157 li
949 1124 1031 1171 xviij
1052 1129 1067 1159 3
1085 1137 1106 1158 x
1125 1125 1159 1159 d.

237 1288 320 1318 DIE
352 1287 589 1318 DOMINICO
620 1287 744 1327 quarto
782 1281 961 1315 Oelobris.
1031 1288 1284 1318 PANETRIA.
1340 1283 1476 1331 Expen’
1514 1284 1609 1331 xlviij

189 1372 295 1407 panes
313 1360 349 1393 in
368 1359 515 1406 prandio
533 1359 626 1407 apud
646 1359 798 1393 Dunbar
818 1373 828 1393 s
849 1365 883 1394 et
902 1358 943 1393 sic
962 1372 1050 1405 eque
1080 1373 1091 1393 l
1123 1359 1214 1394 Item
1235 1361 1279 1395 de
1297 1362 1498 1408 preintratis
1518 1377 1529 1397 s
1557 1377 1614 1398 ex·
1632 1377 1737 1400 numm.

190 1439 270 1486 pen’
283 1440 311 1486 jc
329 1451 436 1486 panes
456 1451 467 1472 s
487 1443 522 1473 et
546 1437 589 1472 fic
616 1437 744 1473 restant
762 1438 832 1485 xj<D
845 1441 873 1485 jc
890 1444 941 1472 vxx
960 1438 1007 1485 iiij
1028 1450 1146 1485 paneS.
1202 1445 1495 1478 BUTELARIA.
1548 1442 1617 1476 Ex-

192 1518 270 1564 pen’
289 1516 347 1562 lvij
368 1516 483 1563 lagine
502 1515 643 1551 ceruifie
665 1529 672 1551 s
694 1522 729 1551 et
746 1515 789 1551 fic
809 1529 896 1562 eque
925 1530 935 1550 s
965 1516 1055 1550 Item
1076 1518 1200 1564 expen’
1215 1517 1257 1552 de
1273 1518 1415 1554 ceruifia
1425 1521 1619 1567 preintrata

193 1595 285 1641 apud
306 1594 515 1641 Edinburgh
534 1595 640 1643 xxviij
661 1595 777 1642 lag-ine
796 1595 830 1642 iij
847 1600 969 1641 quarte
989 1594 1130 1630 ceruifie
1159 1609 1170 1630 s
1200 1595 1292 1631 Item
1307 1599 1412 1644 empt’
1425 1598 1488 1633 lxx
1501 1599 1616 1646 lagine
1635 1613 1781 1640 Edinburgh.

195 1673 334 1708 ceruilie
362 1673 394 1720 vj
415 1674 440 1708 fi
459 1673 493 1721 iij
514 1679 529 1709 3
546 1674 594 1721 iiij
613 1674 638 1708 d
657 1687 667 1708 t
688 1680 722 1708 et
753 1673 795 1708 lic
828 1673 955 1709 restant
984 1679 1036 1708 vxx
1066 1687 1090 1708 x
1117 1674 1233 1721 lagine
1262 1675 1283 1722 ij
1314 1682 1437 1722 quarte
1465 1677 1616 1713 ceruifie.

197 1758 412 1795 COQUINA.
453 1752 599 1799 Empt'j
620 1758 731 1787 merta
757 1752 792 1799 iij
824 1757 947 1799 quarte
974 1751 1021 1799 liij
1042 1758 1057 1787 3
1076 1765 1087 1786 1
1106 1753 1138 1800 vj
1160 1759 1322 1788 mutones
1340 1755 1460 1802 xxxiiij
1480 1760 1494 1790 3
1512 1758 1545 1803 vj
1564 1757 1589 1791 d
1608 1771 1617 1790 s

197 1836 231 1865 et
250 1831 374 1877 expen'
403 1844 414 1864 s
444 1830 535 1864 Item
556 1832 662 1877 empt'
680 1831 752 1878 xvij
771 1830 1070 1877 pulligallinarum
1100 1845 1111 1864 l
1143 1831 1190 1878 vij
1219 1844 1305 1866 auce
1324 1832 1508 1868 domestice
1529 1847 1539 1868 l
1559 1835 1618 1881 xiij

198 1908 314 1955 pultre
335 1921 345 1942 l
364 1909 423 1955 xiij
439 1921 588 1955 capones
621 1922 631 1943 t
663 1922 734 1942 xxv
760 1908 923 1955 pluniarij
946 1921 956 1941 l
975 1909 1046 1955 xiiij
1067 1909 1218 1956 cuniculj
1253 1923 1264 1943 s
1294 1910 1330 1944 in
1360 1910 1427 1945 sale
1448 1925 1459 1945 s
1479 1912 1587 1947 ordeo
1609 1926 1619 1947 Ι

199 1984 311 2030 pomis
331 1997 342 2018 s
361 1984 443 2031 piris
465 1998 475 2018 l
496 1985 571 2019 ouis
592 1997 602 2018 l
623 1990 657 2019 et
676 1984 772 2019 caseo
793 1998 804 2018 s
824 1986 908 2032 varij
929 1986 1034 2033 precij
1066 1999 1077 2020 s
1106 1987 1251 2021 Summa
1268 1990 1301 2035 vj
1320 1989 1345 2023 ii
1363 1989 1420 2036 xvj
1441 1994 1456 2024 3
1473 1990 1494 2037 ij
1513 1990 1538 2025 d
1556 2004 1568 2025 l
1587 1997 1621 2025 et

201 2063 325 2109 expen'
347 2075 357 2096 s
379 2062 470 2096 Item
490 2063 533 2096 de
553 2063 599 2110 iiij
620 2063 728 2110 petris
746 2064 817 2110 xiiij
839 2063 934 2097 libris
952 2063 1057 2111 butirj
1078 2064 1286 2101 restantibus
1303 2066 1391 2114 xvij⁰
1411 2067 1623 2115 Septembris

203 2141 327 2187 expen'
358 2140 404 2188 vij
429 2140 518 2175 libre
549 2140 653 2188 butirj
683 2154 695 2175 l
725 2141 816 2176 Item
844 2143 950 2189 empt’
980 2142 1026 2190 xij
1054 2148 1152 2190 petre
1183 2144 1288 2192 butirj
1320 2145 1366 2193 iiij
1386 2146 1411 2180 ii
1430 2148 1488 2193 xvj
1508 2151 1523 2181 3
1550 2159 1562 2180 s
1589 2152 1623 2181 et

203 2217 245 2253 fic
264 2217 390 2253 restant
409 2218 466 2266 xvj
486 2224 585 2266 petre
603 2232 626 2253 x
643 2218 730 2254 libre
748 2219 866 2266 butirj.

726 2297 869 2332 Summa
888 2299 959 2346 xxij
979 2299 1003 2334 ii
1022 2300 1056 2346 iij
1076 2305 1101 2334 3.
