1861 2703
164 275 270 311 1596.
648 270 804 307 REGIS
829 270 1020 308 JACOBI
1050 271 1096 305 V.
1541 274 1587 310 57

161 375 196 407 in
215 370 390 406 domicilio
410 370 443 418 iij
465 375 575 404 mei-te
589 369 629 417 ἦ
647 374 770 416 quarta
795 368 877 403 salse
905 385 914 401 t
945 374 980 403 et
1010 368 1054 403 fic
1085 367 1211 402 restant
1245 380 1264 401 x
1298 373 1408 401 inerte
1437 365 1517 401 salse
1535 367 1582 414 ἦῆ,

160 455 282 496 quarte
309 462 321 483 s
350 448 441 483 Item
461 448 566 495 empt'
584 448 605 495 ij
626 452 737 482 merte
756 447 846 495 paste
865 461 945 484 cum
964 449 1087 496 corrijs
1114 449 1209 496 price
1238 448 1272 482 ix
1290 448 1314 482 ii
1344 461 1355 481 s
1387 448 1429 482 de
1457 448 1581 494 quibus

161 528 284 575 expen’
301 527 323 574 ij
342 532 464 573 quarte
483 531 594 561 merte
612 525 704 573 paste
724 539 735 559 Ι
755 532 789 561 et
806 526 849 561 fic
864 526 1019 575 restantj
1037 532 1149 562 merta
1162 526 1254 574 pasta
1272 526 1292 573 ij
1313 531 1436 572 quarte
1457 539 1466 559 l
1490 526 1579 560 Item

158 697 220 731 pel·
239 683 436 718 Dominum
456 683 498 718 de
518 683 706 730 Flemingj
727 696 853 717 ceruus
881 696 892 717 l
924 696 986 731 per
1005 683 1182 718 Comitem
1202 683 1245 717 de
1266 682 1413 728 Ergilej
1435 683 1556 727 cignus
1572 700 1581 715 l

157 762 190 809 iij
211 762 351 796 rabukis
379 775 390 795 s
418 774 480 809 per
500 761 674 796 Abbatem
695 761 738 796 de
758 761 908 809 Cuproj
927 775 1011 808 grus
1033 775 1040 797 Ι
1062 764 1168 808 xxxvj
1188 774 1271 795 aues
1290 760 1439 794 morales
1460 774 1470 794 s
1492 761 1582 795 Item

156 853 219 887 per
239 839 447 887 Episcopum
480 839 795 886 Dunblanensemj
816 839 877 874 bos
895 839 1008 887 pastus
1028 853 1039 874 s
1060 845 1094 874 et
1113 838 1155 873 fic
1174 838 1300 873 restant
1319 838 1339 885 ij
1361 844 1472 872 merto
1490 839 1581 885 paste

155 918 177 964 ij
198 923 320 964 quarte
349 935 360 950 l
390 923 424 952 et
445 916 619 951 refiduum
649 916 773 963 expen’
800 915 984 951 succeffiue
1013 930 1024 950 s
1055 916 1145 951 Item
1179 917 1296 950 intrat’
1327 916 1411 950 lxxv
1430 929 1580 963 capones

157 1009 241 1031 cane
260 996 303 1030 de
322 995 391 1029 Fiff
407 1009 417 1029 Ι
437 1000 472 1029 et
490 996 614 1042 expen'
632 994 704 1042 pistj
727 1007 738 1028 t
757 994 847 1041 οοὸζῇ
882 1007 894 1028 l
925 999 960 1029 et
977 992 1073 1042 assatj
1105 1008 1116 1028 s
1147 994 1237 1029 Item
1257 995 1363 1041 empt'
1382 995 1403 1041 ij
1425 996 1581 1041 carcagia

154 1080 345 1109 mertarum
364 1073 559 1108 herbalium
578 1073 611 1121 iij
631 1073 655 1107 ii
676 1086 688 1107 l
708 1073 753 1120 iiij
776 1073 873 1120 vitulj
894 1076 1011 1121 magnj
1031 1074 1066 1121 lij
1088 1079 1102 1109 Ξ
1132 1087 1143 1108 Ι
1173 1073 1231 1120 xiij
1253 1073 1352 1121 vitulj
1379 1075 1479 1121 parui
1500 1075 1546 1120 xlj
1568 1080 1582 1108 ἔ

155 1153 177 1199 ij
196 1153 220 1187 d
239 1166 250 1186 t
269 1153 338 1200 xiiij
361 1157 522 1187 mutones
540 1152 634 1199 price
654 1151 687 1198 iij
703 1152 727 1186 ii
746 1152 828 1199 xviij
845 1156 860 1187 ἔ
879 1168 889 1185 ι
909 1164 932 1186 x
951 1152 1006 1199 edj
1026 1152 1084 1200 xiij
1101 1157 1116 1187 ἔ
1133 1152 1180 1199 iiij
1197 1152 1221 1187 d
1241 1165 1252 1186 1
1272 1152 1306 1186 ix
1325 1153 1404 1199 agnj
1426 1154 1520 1200 xxvij
1539 1159 1552 1187 ξ
1570 1168 1579 1186 s

155 1231 186 1277 vj
206 1231 325 1278 lingue
340 1230 469 1265 bonine
484 1230 516 1278 iij
533 1236 549 1266 ἔ
566 1230 597 1277 vj
618 1230 641 1265 d
661 1243 672 1264 s
691 1230 748 1277 viij
771 1230 858 1265 libre
878 1230 951 1278 cepj
972 1230 1018 1277 iiij
1039 1235 1054 1266 ἕ
1073 1243 1084 1265 l
1098 1230 1112 1278 j
1133 1244 1261 1278 porcus
1280 1233 1313 1278 xj
1333 1236 1348 1266 Ξ
1367 1248 1377 1264 1
1403 1237 1436 1265 et
1456 1233 1580 1278 expen'

153 1314 291 1343 tantum
309 1308 370 1343 isto
389 1309 444 1343 die
472 1322 483 1343 l
514 1309 604 1343 Item
624 1309 730 1355 empt’
748 1308 796 1355 iiij
820 1309 964 1356 porcellj
987 1322 998 1343 s
1019 1308 1089 1356 xiiij
1111 1322 1261 1357 caponeS
1282 1323 1293 1343 l
1314 1310 1409 1357 xxiin
1431 1323 1581 1357 capones

153 1387 235 1435 pastj
257 1401 268 1421 l
286 1387 370 1422 lxxv
388 1400 470 1422 aues
487 1387 637 1422 morales
657 1401 668 1421 l
687 1387 743 1434 xvj
764 1387 850 1434 pullj
870 1387 1080 1434 gallinarum
1114 1402 1124 1421 l
1152 1388 1198 1435 xij
1220 1388 1383 1435 pluuiarij
1406 1402 1416 1423 l
1436 1389 1578 1435 lxxxxvj

154 1465 238 1513 pullj
260 1465 500 1500 columbarum
522 1465 561 1513 sj
582 1478 664 1500 anas
683 1465 880 1512 campestris
900 1479 911 1500 s
930 1466 967 1500 in
990 1466 1099 1501 ordeo
1120 1480 1131 1500 l
1151 1466 1235 1514 vai-ij
1256 1467 1361 1514 precij
1394 1480 1404 1500 s
1434 1468 1579 1502 Summa

154 1557 175 1578 x
195 1544 218 1578 ii
237 1544 283 1591 xij
303 1549 319 1579 ἔ
336 1544 393 1591 viij
413 1544 437 1579 d
456 1558 467 1578 s
486 1549 523 1579 et
540 1545 677 1591 expen'.

599 1622 743 1657 Summa
761 1623 884 1670 xxxiiij
904 1623 929 1658 ii
949 1623 969 1671 ij
991 1628 1005 1659 ἔ
1024 1624 1080 1671 viij
1102 1624 1136 1659 d.

202 1786 284 1816 DIE
302 1786 429 1816 LUNE
447 1780 494 1814 vii
515 1779 615 1815 Maii.
668 1787 917 1818 PANETRIA.
959 1780 1017 1815 De
1036 1781 1238 1828 preintratis
1259 1795 1269 1815 t
1290 1783 1450 1830 expen's
1469 1783 1578 1829 lxxiiij
1589 1796 1771 1815 nouxr1‹;»:1=,>.

154 1870 260 1905 panes
287 1872 299 1892 s
329 1858 419 1893 Item
439 1859 564 1906 expen’
582 1859 617 1893 in
636 1859 776 1907 pastillis
795 1860 854 1907 lvij
875 1872 982 1907 panes
1002 1873 1013 1894 s
1034 1865 1068 1894 et
1086 1859 1129 1894 fic
1160 1859 1289 1894 restant
1307 1860 1377 1907 iij‘u
1395 1861 1441 1894 ixc
1460 1861 1578 1907 lxxxvj
1591 1865 1738 1895 Edinburgh-

154 1948 260 1983 panes
288 1950 299 1970 s
329 1936 420 1971 Item
439 1938 545 1984 empt'
562 1937 698 1985 lxxxiiij
719 1938 860 1972 venales
879 1951 985 1985 panes
1006 1938 1075 1985 xiiij
1096 1943 1111 1973 ἔ
1143 1952 1153 1972 l
1183 1943 1218 1972 et
1251 1939 1386 1986 expen'.
1439 1946 1580 1976 BUTE-

155 2021 306 2052 LARIA.
348 2015 405 2050 De
420 2013 561 2050 ceruifia
575 2029 585 2049 t
599 2017 723 2063 expen‘
737 2016 832 2064 xlviij
850 2017 967 2063 lagine
981 2017 1003 2064 ij
1018 2022 1141 2063 quarte
1156 2015 1297 2052 ceruifie
1318 2030 1329 2051 Ι
1349 2023 1383 2052 et
1396 2017 1439 2053 fic
1453 2018 1580 2053 restant

154 2094 227 2128 lxix
245 2093 360 2140 lagine
378 2092 518 2128 ceruifie
547 2108 557 2128 s
586 2093 677 2129 Item
697 2095 804 2142 empt’
820 2107 884 2142 per
913 2094 1154 2142 Mergaretam
1173 2095 1379 2131 Johnneson
1410 2097 1432 2145 ij
1463 2098 1579 2133 celdre

153 2174 176 2219 ij
196 2172 288 2207 bolle
307 2172 404 2219 ordej
432 2172 527 2219 price
545 2185 592 2207 xx
609 2173 633 2208 fi
652 2173 709 2220 viij
730 2178 745 2208 ἔ
776 2186 788 2207 l
821 2173 863 2208 de
892 2173 1017 2220 quibus
1043 2181 1288 2221 prouenerunt
1319 2175 1355 2209 in
1386 2175 1528 2210 ceruifia
1546 2178 1580 2224 ij‘

153 2251 238 2285 lxxx
263 2250 379 2297 lagine
405 2249 546 2286 ceruifie
578 2264 589 2284 l
621 2256 656 2286 et
686 2250 730 2286 fic
755 2251 884 2286 restant
914 2252 951 2286 in
977 2257 1053 2287 toto
1086 2253 1134 2300 iijc
1163 2254 1247 2288 xxix
1278 2254 1395 2301 lagine
1427 2255 1577 2290 ceruifie.

849 2420 877 2443 H
