1861 2703
123 240 231 278 1590.
684 235 896 273 APPEND
904 237 971 272 IX.
1500 240 1541 272 11

160 339 228 369 Dm
248 338 381 369 Minu-is
397 337 472 367 xxix
489 336 577 367 Maii.
609 336 712 378 Empt’
728 347 746 367 a
761 335 897 366 Domina
911 335 948 366 de
969 335 1107 376 Sineglar
1122 335 1206 375 xxiiij
1223 339 1317 365 mei-te
1333 333 1409 366 salse
1424 333 1539 365 Orcha-

121 405 169 435 die
184 415 254 435 cum
270 403 394 434 totidem
411 402 519 443 porciS‚
548 402 628 443 price
643 402 694 442 xxj
712 402 734 432 ii
750 402 790 442 xij
809 415 832 432 s.

163 470 231 500 Dm
248 470 345 500 Joms
361 469 437 499 xxxi
455 468 544 499 Maii.
587 470 707 499 Festmn
727 470 866 509 Corporis
885 469 1006 499 Christi.

434 536 559 565 Summa
575 534 676 565 totalis
691 534 801 565 mensis
820 534 896 565 Maii
913 535 941 564 v‘
956 535 1008 575 liiij
1026 534 1048 565 fi
1065 535 1104 575 vij
1122 538 1132 564 Ξ
1150 535 1188 575 vij
1207 537 1236 564 d.

1335 605 1406 628 Tenet
1427 602 1504 631 ABd.

165 669 232 699 Dm
253 669 405 700 Vssxssms
420 668 430 699 i
445 668 540 699 Junii.
1576 675 1711 704 suiueling.

165 735 232 765 Dm
251 735 433 765 Meneunu
450 735 479 764 vi
495 734 589 765 Junii.
638 733 738 764 Hodie
755 734 906 765 Dominus
933 735 1001 765 Rex
1027 736 1175 776 equitauit
1190 736 1227 766 (le
1255 736 1423 776 Striueling
1439 747 1542 766 versus

127 801 318 843 Edinburgh‚
1576 803 1726 832 Edinbnrgh.

167 868 234 897 Dm
253 868 352 898 Lusa
368 867 399 897 xi
415 866 510 897 Junii.
561 866 687 908 Empt’j
706 866 803 908 lepus.

166 934 233 964 Dm
251 933 431 964 Mssncunn
447 932 501 962 xiii
517 933 611 963 Junii.
659 933 947 964 PARLlAMENTUM.

166 1000 235 1030 Dm
265 1000 407 1029 VENEms
434 1010 476 1029 xv
501 999 596 1029 Junii.
645 999 761 1030 Intrate
783 1011 836 1040 per
863 999 1058 1031 Willielmum
1091 1001 1322 1042 Cwnynghame
1353 1002 1545 1033 brasiatorem

124 1066 144 1107 ij
163 1066 259 1097 eeldre
275 1066 315 1107 iiij
334 1065 414 1096 bolle
429 1065 511 1097 ordei
527 1064 611 1095 firme
626 1065 664 1095 de
683 1065 770 1102 Ross,
796 1066 833 1096 de
848 1065 959 1106 quibus
985 1072 1190 1107 prouenerunt
1210 1067 1240 1096 in
1267 1068 1395 1098 ceruisia
1418 1068 1451 1108 ijc
1473 1069 1546 1098 lxxx

126 1132 229 1173 lagine
245 1131 382 1162 ceruisie.

170 1198 236 1228 Dm
254 1198 375 1227 SAnon
392 1198 444 1228 xvi
460 1197 555 1228 Junii.
604 1198 705 1239 Empt'
729 1198 760 1227 in
786 1197 927 1235 fundolis,
956 1199 1108 1240 anguillis,
1138 1199 1219 1236 solis,
1244 1200 1341 1237 luciis,
1367 1201 1547 1242 pectinibus,

127 1276 229 1306 prans,
256 1264 420 1305 grenbans,
444 1264 584 1305 spouttis‚
610 1275 748 1294 crunans.

171 1331 237 1361 Dm
253 1331 420 1361 Donnmco
436 1330 523 1361 xxiiii
538 1330 557 1361 J
560 1330 633 1361 unii.
678 1332 797 1361 Festum
813 1331 963 1362 Jolzanm‘s
978 1332 1129 1371 Baptiste.

175 1397 253 1428 Item
269 1398 359 1428 solut’
385 1397 416 1427 in
439 1397 538 1438 gagiis
553 1397 644 1427 trium
668 1407 862 1438 personarum
882 1397 1103 1428 remanentium
1128 1403 1213 1429 extra
1227 1398 1412 1430 domicilium
1428 1400 1553 1431 Domini

135 1464 230 1504 Regis
254 1475 272 1494 a
298 1463 395 1504 primo
424 1462 503 1493 Maii
524 1462 673 1493 inclusiue
697 1474 791 1504 vsque
815 1462 993 1495 vicesimum
1020 1465 1186 1496 secundum
1212 1466 1297 1497 Junii
1321 1468 1485 1505 exclusiue,
1502 1470 1553 1509 qui

131 1535 201 1560 sunt
216 1528 247 1569 lij
265 1528 338 1565 dies,
356 1528 539 1570 capientium
555 1528 586 1559 in
602 1528 649 1559 die
666 1535 726 1559 tres
741 1529 861 1566 solidos,
890 1530 1016 1561 Summa
1032 1531 1071 1571 vij
1090 1532 1112 1561 ii
1123 1532 1175 1572 xvj
1188 1537 1210 1563 ἔ.

175 1595 243 1624 Dm
272 1594 405 1624 Mfflms
431 1595 505 1624 xxvi
532 1594 625 1624 Junii.
674 1594 753 1625 Item
777 1595 865 1626 solut’
892 1607 945 1637 per
974 1596 1186 1628 Rotulatorem
1214 1599 1244 1628 in
1269 1600 1369 1641 gagiis
1386 1601 1472 1631 vuius
1491 1612 1554 1631 ver-

133 1661 185 1692 leti
199 1661 230 1691 in
247 1661 376 1698 stabulo,
393 1660 430 1691 de
446 1660 588 1691 mandato
606 1661 731 1691 Domini
753 1661 858 1703 Regis,
877 1664 1058 1694 remanentis
1074 1669 1158 1695 extra
1178 1665 1363 1697 domicilium
1385 1679 1437 1707 per
1458 1674 1555 1698 totum

134 1737 269 1757 mensem
289 1737 331 1756 xx
352 1730 374 1756 ἐ.

178 1793 246 1822 Dm
262 1792 355 1822 Joms
371 1793 466 1823 xxviii
482 1792 578 1824 Junii.
628 1794 739 1832 Viyilia
755 1795 844 1824 Petra·
859 1800 888 1825 et
902 1795 1006 1825 Pauli.

182 1859 259 1889 Item
275 1858 363 1889 solut’
380 1869 433 1899 per
452 1858 663 1889 Rotulatorem
682 1859 713 1888 in
728 1859 827 1900 gagiis
843 1860 930 1890 vnius
946 1861 1051 1892 verleti
1071 1861 1222 1892 willielmi
1242 1863 1332 1900 Bard,
1357 1864 1393 1893 de
1416 1865 1557 1896 mandato

137 1924 263 1954 Domini
282 1924 388 1965 Regis,
416 1924 598 1955 remanentis
624 1924 662 1955 ad
684 1930 771 1956 extra
794 1936 848 1966 per
873 1927 1009 1967 spacium
1034 1928 1256 1970 quinquaginta
1279 1935 1309 1960 et
1325 1930 1414 1960 trium
1431 1931 1555 1967 dierum,

137 1990 282 2031 capientis
299 1990 328 2019 in
344 1989 391 2020 die
407 1989 565 2020 duodecim
580 1989 728 2028 denarios,
757 1991 882 2022 Summa
898 1991 939 2031 liij
956 1996 978 2022 ἐ.

406 2055 532 2087 Summa
547 2056 648 2087 totalis
663 2057 775 2088 mensis
790 2057 874 2088 Junii
890 2058 946 2098 iiijc
962 2060 1045 2100 xlviij
1062 2061 1084 2091 li
1102 2061 1173 2101 xviij
1190 2066 1202 2091 ἓ
1218 2073 1237 2092 x
1253 2065 1282 2093 d.

1346 2134 1418 2158 Tenet
1438 2132 1514 2161 ABd.

181 2186 247 2216 Dm
267 2186 366 2216 Lam:
381 2187 401 2216 ii
417 2187 501 2217 Julii.
1618 2176 1787 2239 ffissffssffffine.

1596 2226 1608 2271 l
1619 2241 1764 2272 Edinburgh.

180 2253 246 2282 Dm
263 2252 384 2283 SABoT1
401 2254 464 2284 xiiii
480 2254 564 2286 Julii.
612 2255 730 2299 Expen'
746 2257 776 2288 in
801 2258 1012 2291 collationibus
1039 2260 1075 2291 ad
1099 2267 1183 2293 extra
1209 2262 1295 2292 lxxix
1324 2274 1426 2305 panes.
1474 2265 1554 2296 Item
