1861 2703
98 293 202 326 1525.
580 284 735 320 REGIS
761 282 949 320 JACOBI
978 281 1022 317 V.
1462 285 1507 314 95

144 393 226 423 DIE
244 388 420 421 MARTIS
439 381 498 415 xiii
517 380 708 415 Februarii.
760 386 1007 416 PANETRIA.
1048 377 1105 413 De
1134 378 1331 426 preintratis
1351 391 1362 411 t
1386 377 1509 424 expen'

98 465 134 498 in
153 462 328 498 dominico
340 460 396 507 xvj
412 472 517 507 panes
545 473 556 493 l
584 459 673 493 Item
687 459 729 494 de
742 459 892 494 secundo
908 458 943 506 ijc
962 457 1032 505 xiiij
1049 469 1155 504 panes
1183 471 1193 490 l
1225 456 1314 491 Item
1334 456 1457 503 expen’
1476 457 1510 489 in

98 539 237 587 pastillis
255 538 350 585 lxxxj
370 549 475 584 panes
505 550 512 571 t
543 537 686 571 Summa
704 537 931 583 expensarum
950 535 984 582 ijc
1003 541 1052 569 vx*
1067 535 1099 581 xj
1114 547 1219 581 panes
1240 548 1250 568 Ι
1271 539 1305 569 et
1322 533 1365 568 fic
1384 533 1510 567 restant

98 616 161 663 xj<D
170 619 198 664 jc
213 617 271 651 xix
286 628 403 663 panes.
455 622 768 652 BUTELLARIA.
798 614 934 661 Expen’
948 612 1030 660 lxvij
1047 613 1161 659 lagine
1174 613 1195 659 ij
1209 617 1331 658 quarte
1346 610 1487 646 ceruifie
1503 625 1514 645 s

100 700 135 729 et
152 693 195 728 fic
212 693 339 728 restant
356 694 428 740 viij⁰
448 700 495 727 vx*
514 694 560 741 iiij
592 694 735 740 laginej
761 698 885 739 quarta
903 690 1053 726 ceruifie.
1106 698 1321 734 COQUINA.
1361 690 1418 725 De
1436 704 1513 737 pre-

100 772 236 806 intratis
251 789 260 805 l
275 773 399 818 expen’
410 770 443 818 iij
456 777 579 817 quarte
593 776 703 805 merte
716 770 794 804 salse
814 786 824 802 ι
845 775 880 803 et
894 768 937 803 fic
951 768 1078 803 restant
1091 769 1126 802 lx
1141 774 1252 803 inerte
1267 769 1346 802 salse
1359 769 1373 815 j
1390 775 1513 815 quarta

101 848 193 895 apud
213 848 420 894 Edinburgh
440 865 450 881 ι
470 847 529 882 De
546 848 747 894 preintratis
767 861 777 881 s
797 848 921 894 expen’
939 846 997 892 viij
1027 851 1189 880 mutones
1207 846 1228 892 ij
1249 852 1371 891 quarte
1393 860 1403 880 t
1425 847 1515 880 Item

101 927 206 973 empt’
234 939 255 960 v
275 931 435 960 mutones
461 926 567 972 xxxiij
587 930 612 959 *s*-
643 938 654 959 l
686 930 720 959 et
749 924 792 958 fic
819 924 946 958 restant
974 924 1017 958 de
1035 924 1130 958 claro
1148 924 1255 970 xxviij
1284 927 1510 973 rnutounes}2

101 1009 223 1049 quarta
250 1017 261 1037 s
290 1002 347 1037 De
365 1003 565 1050 preintratis
585 1016 596 1036 l
616 1003 740 1050 expen’
769 1004 851 1049 xxvj
877 1002 1027 1049 cuniculj
1057 1016 1067 1036 l
1098 1002 1188 1036 Item
1207 1004 1313 1049 empt’
1332 1016 1402 1037 xxx
1422 1006 1517 1038 cuni—

101 1081 167 1127 cnlj
187 1082 222 1128 iij
241 1082 266 1115 fi
287 1095 297 1114 s
317 1086 351 1115 et
369 1080 412 1115 fic
430 1081 556 1115 restant
583 1081 625 1115 de
654 1080 747 1114 claro
774 1081 892 1127 xxxvij
913 1079 1063 1125 cuniculj
1095 1093 1105 1113 s
1134 1079 1192 1114 De
1210 1081 1409 1126 preintratis
1430 1096 1439 1115 s
1461 1096 1517 1116 ex-

100 1160 207 1205 pen'j
227 1164 326 1206 petra
343 1159 390 1205 iiij
410 1159 496 1193 libre
523 1158 627 1204 butirj
650 1171 660 1192 Ι
680 1164 715 1192 et
732 1157 775 1192 fic
792 1157 920 1192 restant
951 1158 1034 1191 xxix
1062 1163 1160 1204 petre.
1192 1159 1237 1204 vij
1270 1158 1356 1193 libre
1387 1160 1491 1206 butirj
1508 1174 1518 1194 s

104 1236 194 1270 Item
226 1237 331 1283 empt‘
362 1242 394 1270 vc
426 1249 494 1271 oua
526 1249 573 1271 xx
593 1242 608 1271 ἔ
627 1250 638 1270 s
657 1238 704 1283 vjc
721 1249 826 1283 poma
856 1242 891 1270 et
917 1237 993 1282 pira
1022 1249 1093 1270 xxx
1112 1242 1127 1271 ἓ
1146 1250 1156 1270 s
1176 1242 1209 1270 et
1237 1239 1360 1283 expen'
1389 1252 1398 1271 s
1429 1238 1519 1273 Item

104 1394 125 1438 ij
146 1392 265 1438 lingue
283 1392 403 1426 bouini
424 1394 463 1438 lj
483 1392 612 1438 sparrib
645 1406 655 1425 s
682 1393 695 1438 j
728 1404 855 1438 porcus
875 1405 885 1425 l
906 1392 927 1438 ij
947 1397 1069 1437 quarte
1086 1394 1182 1439 porcj
1204 1406 1214 1426 s
1235 1393 1280 1439 iiij
1309 1393 1394 1428 libre
1416 1395 1488 1441 cepj
1511 1409 1522 1429 s

104 1470 189 1516 varij
210 1470 355 1516 [preeij]
375 1486 385 1502 ι
405 1469 500 1516 xxiiij
521 1474 535 1504 ἔ
553 1469 573 1515 ij
594 1470 617 1504 d
637 1482 647 1502 t
667 1474 701 1503 et
720 1470 844 1516 expen'
873 1482 883 1502 s
913 1468 1003 1503 Item
1029 1470 1135 1516 empt’
1152 1470 1173 1516 ij
1194 1470 1338 1517 porcellj
1361 1485 1371 1505 s
1391 1485 1412 1505 v
1437 1486 1521 1506 auce

105 1547 287 1581 domestice
316 1561 326 1580 l
349 1549 376 1594 j⁰
402 1547 518 1594 pultre
539 1560 550 1580 l
569 1547 601 1594 vj
629 1547 713 1594 pullj
744 1546 953 1593 gallinarum
975 1560 984 1580 t
1004 1547 1050 1593 iiij
1079 1547 1159 1594 gallj
1188 1547 1361 1595 domesticj
1384 1563 1394 1582 s
1415 1551 1519 1597 xxxvj

105 1638 254 1672 capones
274 1638 284 1659 l
303 1625 361 1671 xiij
390 1625 546 1671 perdices
581 1639 591 1658 s
618 1624 699 1671 xviij
720 1637 802 1658 aues
820 1624 968 1658 morales
989 1638 999 1658 s
1019 1627 1051 1672 vj
1071 1625 1152 1672 gallj
1181 1626 1270 1672 nigrj
1294 1640 1304 1659 s
1324 1640 1344 1660 v
1362 1628 1443 1674 gallj
1472 1628 1522 1662 fil-

106 1702 235 1737 uestres
256 1716 266 1736 s
287 1702 307 1749 ij
328 1715 477 1749 capones
495 1701 576 1749 pastj
599 1715 609 1736 s
628 1702 660 1749 vj
681 1715 766 1737 aues,
791 1703 924 1736 marine
945 1716 956 1736 l
977 1703 1011 1736 in
1029 1703 1175 1749 pedibus
1195 1721 1204 1737 l
1225 1710 1259 1738 et
1277 1705 1385 1739 ordeo
1406 1719 1416 1739 s
1438 1707 1520 1752 vai-ij

108 1781 212 1827 precij
243 1794 254 1813 l
282 1780 424 1814 Summa
442 1780 513 1827 xiiij
532 1780 557 1814 ii
576 1780 609 1826 iij
630 1785 645 1815 ἔ
662 1780 720 1826 viij
739 1781 764 1815 d
783 1793 793 1814 l
814 1786 848 1814 et
867 1782 1003 1828 expen’.

558 1858 701 1892 Summa
718 1858 824 1905 xxviij
844 1859 867 1893 fi
887 1860 944 1905 viij
965 1864 979 1893 ἕ
996 1873 1019 1892 x
1036 1860 1070 1894 d.

159 2020 241 2050 DIE
265 2021 504 2050 MERCURII
536 2015 608 2048 xiiii
638 2015 830 2049 Februarii.
895 2023 1140 2052 PANETRIA.
1202 2015 1259 2050 De
1294 2018 1494 2063 preintratis
1515 2034 1524 2053 s

113 2093 235 2138 expen'
254 2092 289 2126 in
308 2092 483 2127 dominico
503 2095 559 2140 xvj
580 2105 686 2139 panes
706 2107 716 2126 t
736 2093 779 2126 de
797 2093 947 2127 seeundo
969 2096 996 2140 jc
1025 2094 1156 2141 lxxxiiij
1178 2107 1284 2141 panes
1312 2108 1322 2128 s
1353 2095 1443 2130 Item
1471 2112 1526 2132 ex-

112 2171 191 2216 pen’
209 2171 245 2203 in
263 2169 401 2217 pastillis
419 2170 476 2217 xxj
497 2183 603 2217 panes
631 2184 641 2204 s
671 2171 814 2205 Summa
841 2172 1067 2218 expensarum
1086 2173 1122 2218 ijc
1141 2174 1175 2219 xj
1195 2185 1300 2219 panes
1321 2187 1331 2206 t
1351 2179 1385 2207 et
1403 2173 1444 2208 fic
1463 2177 1527 2210 res-

112 2254 188 2282 tant
206 2248 262 2282 x<o
279 2249 326 2281 ixc
344 2248 400 2295 viij
421 2261 538 2295 paneS.
591 2255 903 2285 BUTELLARIA.
944 2249 1079 2296 Expen’
1108 2250 1190 2297 xlvij
1221 2249 1337 2297 lagine
1364 2252 1384 2298 ij
1405 2260 1526 2298 quarte

113 2324 252 2360 ceruifie
273 2340 283 2359 s
304 2332 338 2360 et
356 2324 397 2360 fic
416 2325 542 2361 restant
560 2327 632 2373 viijc
647 2327 692 2373 lvj
710 2327 822 2373 lagine
838 2327 870 2373 ii]¹
888 2333 1009 2373 quarte
1023 2327 1173 2362 ceruisle.
1227 2335 1439 2371 COQUINA.
1471 2331 1526 2364 De

806 2416 829 2438 D

1540 392 1648 411 FESTUM

1542 429 1754 450 CARNISPREUII.

1551 532 1697 560 Edinburgh.

1545 2030 1626 2048 FERIA
1641 2030 1753 2051 QL'ARTA
1769 2029 1798 2047 IN

1545 2070 1645 2087 CAPITE
1661 2069 1785 2087 JEJUNH.
