1861 2703
172 229 277 262 1528.
669 224 826 259 REGIS
852 223 1040 260 JACOBI
1068 224 1113 259 V.
1523 229 1591 266 117

171 321 466 370 pulligallinarum
485 333 498 354 J
519 320 554 354 ix
571 320 687 367 pultre
707 334 718 355 s
739 320 795 368 viij
825 333 976 368 capones
1007 335 1019 355 s
1047 321 1141 368 xxxij
1174 321 1336 368 pluuiarij
1358 334 1368 354 s
1388 321 1409 368 ij
1430 320 1516 368 pulli
1535 334 1591 355 co-

170 400 368 435 lumbarum
388 411 400 434 t
419 398 477 446 viij
495 410 578 433 aues
596 398 745 433 morales
759 412 770 433 s
786 399 831 446 iiij
844 399 926 446 gallj
940 399 1030 447 nigrj
1053 413 1064 434 s
1084 399 1117 446 iij
1135 400 1359 435 conturnices
1374 413 1385 434 s
1401 400 1437 433 in
1450 399 1558 433 ordeo
1576 413 1586 433 l

170 484 204 512 et
222 477 288 513 sale
309 491 320 512 t
339 477 423 525 varij
444 477 550 525 precij
582 490 593 511 t
621 476 765 512 Summa
783 477 830 524 iiij
849 477 873 511 fi
892 489 937 512 xv
956 482 971 512 Ξ
989 477 1022 524 vj
1043 477 1067 513 d
1085 491 1097 512 s
1118 483 1152 512 et
1170 479 1306 525 expen'.

652 555 796 590 Summa
813 555 858 602 vij
878 555 903 590 fi
923 555 956 602 iij
976 561 991 591 ἔ
1010 557 1042 603 vj
1062 556 1096 591 d.

216 718 299 748 DIE
325 718 458 748 JOUIS
476 712 571 747 xxvii
591 712 754 759 Augusti.
818 718 1064 748 I‘ANETRIA.
1108 712 1165 746 De
1193 712 1394 759 preintratis
1426 726 1437 746 s
1465 713 1589 759 expen’

168 792 202 837 ijc
220 791 305 838 xliiij
325 803 432 838 panes
459 804 470 825 t
500 791 591 826 Item
618 791 654 825 in
672 790 812 838 pastillis
830 804 851 825 v
869 803 976 838 panes
1003 807 1013 825 t
1043 791 1186 825 Summa
1212 789 1439 838 expensarum
1460 790 1495 837 ijc
1517 791 1590 824 xlix

167 881 273 915 panes
293 882 304 903 t
325 874 360 904 et
377 868 420 904 fic
438 868 568 903 restant
585 869 644 903 κα)
662 874 695 903 vc
712 869 772 903 xix
790 881 907 916 panes.
960 874 1243 905 BUTELARIA.
1283 868 1341 902 De
1370 867 1512 903 cei-uilia
1535 881 1592 902 ex-

166 948 246 992 pen'
263 946 334 994 lxxj
354 947 470 993 lagine
489 946 630 981 ceruilie
658 960 670 981 s
699 946 791 981 Item
818 947 924 993 empt’
955 946 991 980 lx
1022 947 1139 993 lagine
1170 945 1312 981 ceruifie
1343 946 1390 993 iiij
1421 947 1446 981 fi
1466 960 1477 980 s
1499 952 1532 980 et
1550 945 1593 981 fic

165 1022 292 1058 restant
310 1024 405 1071 lxxiij
426 1024 542 1071 lagine
560 1023 713 1059 ceruifie.
766 1031 983 1068 COQUINA.
1023 1024 1143 1072 Empt'
1174 1025 1196 1072 ij
1225 1025 1382 1071 carcagia
1400 1030 1590 1060 mei-tarum

166 1103 200 1148 iij
219 1103 244 1136 ii
264 1115 275 1136 s
295 1107 329 1136 et
348 1103 472 1149 expen’
492 1115 504 1136 l
525 1102 616 1137 Item
637 1102 680 1137 de
704 1103 906 1150 preintratis
926 1116 939 1137 l
958 1104 1082 1150 expen’
1103 1104 1117 1150 j
1138 1108 1250 1138 merta
1269 1119 1280 1139 s
1301 1103 1322 1151 ij
1343 1108 1506 1138 mutones
1526 1118 1537 1137 l
1558 1110 1592 1139 et

166 1179 208 1213 fic
227 1192 314 1226 eque
342 1194 353 1214 l
384 1180 474 1215 Item
494 1181 600 1227 empt'
618 1193 665 1215 xx
684 1185 847 1215 mutones
865 1194 887 1215 v
904 1182 928 1216 li
949 1194 960 1215 l
981 1181 1023 1216 de
1041 1181 1166 1227 quibus
1197 1183 1321 1228 expen’
1339 1182 1409 1229 xvij
1429 1188 1592 1217 mutones

161 1259 174 1305 j
195 1264 319 1305 quarta
338 1272 349 1293 s
369 1263 403 1293 et
421 1257 464 1293 fic
482 1258 610 1293 restant
628 1258 650 1305 ij
671 1264 834 1293 mutones
852 1259 885 1306 iij
907 1264 1029 1305 quarte
1053 1272 1064 1293 s
1091 1259 1182 1294 Item
1198 1261 1330 1308 empt'j
1347 1260 1477 1295 vitulus
1496 1273 1588 1306 mag-

166 1351 233 1372 nus
250 1337 295 1385 xij
317 1342 332 1372 ἔ
351 1350 362 1372 t
382 1337 417 1384 lij
439 1337 737 1384 pulligallinarum
758 1351 768 1372 s
788 1338 858 1385 xxij
878 1337 995 1385 pultre
1015 1351 1026 1372 l
1045 1338 1116 1385 xiiij
1140 1350 1290 1386 capones
1305 1352 1316 1373 l
1332 1338 1378 1385 xij
1398 1338 1561 1385 pluuiarij
1577 1352 1587 1372 t

167 1416 249 1463 xviij
270 1428 355 1450 auce
374 1415 500 1450 solares
522 1428 530 1450 l
550 1416 645 1463 xxxij
667 1415 817 1463 cuniculj
851 1429 863 1450 l
894 1416 930 1450 in
961 1416 1070 1451 ordeo
1090 1430 1101 1451 s
1131 1414 1245 1463 gross'a
1274 1416 1386 1451 farina
1417 1430 1428 1450 s
1461 1416 1557 1451 caseo
1578 1429 1588 1450 l

167 1494 243 1529 ouis
262 1507 273 1528 s
292 1494 376 1541 piris
391 1507 403 1528 s
419 1499 453 1528 et
471 1494 585 1542 pomis
604 1507 616 1529 t
635 1494 719 1542 varij
734 1494 840 1542 precij
863 1508 873 1529 l
894 1494 1039 1529 Summa
1052 1494 1109 1542 viij
1122 1495 1148 1529 fi
1166 1496 1199 1542 vj
1215 1499 1230 1529 ἔ
1247 1495 1304 1542 viij
1320 1495 1343 1530 d
1359 1508 1370 1530 s
1390 1500 1425 1530 et
1439 1496 1564 1542 expen'
1577 1509 1589 1529 s

166 1571 258 1606 Item
275 1573 379 1619 empt'
395 1572 416 1619 ij
431 1577 531 1619 petre
550 1572 655 1619 butirj
672 1585 683 1607 l
698 1572 847 1619 prieium
866 1572 936 1620 xxij
957 1578 972 1608 ἔ
989 1573 1021 1620 vj
1041 1573 1065 1608 d
1085 1586 1095 1608 t
1115 1573 1158 1608 de
1177 1573 1301 1620 quibus
1320 1575 1471 1621 expen'j
1491 1579 1591 1621 petra

167 1649 270 1697 butirj
293 1663 304 1684 s
323 1655 358 1685 et
376 1648 420 1684 fic
438 1649 566 1684 restant
584 1650 605 1697 ij
626 1655 726 1698 petre
746 1650 865 1698 butirj.

655 1728 799 1763 Summa
816 1729 887 1776 xxij
906 1730 931 1764 fi
952 1743 972 1765 v
990 1735 1005 1766 ἓ
1023 1730 1044 1777 ij
1064 1731 1098 1766 d.

214 1893 296 1922 DIE
322 1893 522 1922 VENERIS
553 1887 661 1921 xxviii
694 1887 855 1934 Augusti.
908 1894 1155 1924 PANETRIA.
1195 1888 1254 1923 De
1281 1889 1481 1936 preintratis
1500 1902 1512 1923 l
1532 1902 1588 1924 ex-

1449 1968 1585 1986 .........

165 2054 282 2089 paneS.
336 2048 621 2079 BUTELARIA.
666 2042 802 2090 Expen’
834 2045 892 2090 xxj
922 2043 1038 2090 lagine
1068 2056 1079 2078 l
1111 2049 1146 2079 et
1174 2043 1218 2079 fic
1248 2044 1376 2080 restant
1406 2046 1441 2093 lij
1474 2045 1589 2092 lagine

165 2118 306 2154 ceruifie
334 2136 344 2153 t
374 2120 465 2154 Item
484 2122 591 2168 empt'
610 2121 620 2155 l
639 2121 755 2168 lagine
774 2122 915 2158 ceruifie
933 2123 1078 2159 taberne
1096 2125 1130 2172 iij
1154 2126 1179 2160 fi
1198 2125 1230 2172 vj
1250 2130 1266 2160 ἔ
1282 2126 1341 2174 viij
1361 2127 1385 2161 d
1404 2139 1415 2160 s
1435 2131 1469 2161 et
1486 2125 1530 2160 fic
1547 2127 1584 2160 in

164 2204 240 2232 toto
258 2199 352 2246 apud
371 2198 563 2246 Striueling
592 2205 643 2234 vxx
672 2200 694 2246 ij
726 2200 841 2247 lagine
873 2201 1025 2237 ceruifie.
1078 2210 1293 2247 COQUINA.
1333 2203 1451 2251 Empt'
1470 2204 1503 2250 iij
1524 2203 1584 2238 sal-

165 2289 286 2311 mones
304 2283 462 2312 recentes
482 2291 494 2311 s
507 2279 536 2325 jc
553 2277 620 2313 albi
639 2278 746 2325 pisces
765 2293 776 2314 s
795 2280 831 2327 ijc
849 2279 886 2315 lx
904 2280 1014 2316 alleca
1033 2295 1044 2316 t
1063 2282 1168 2330 xxxvj
1184 2283 1291 2331 pisces
1304 2284 1389 2331 aridj
1411 2284 1451 2331 [j
1471 2297 1557 2320 rone
1571 2304 1580 2321 s
