1861 2703
166 281 271 312 1525.
668 272 825 308 REGIS
850 271 1040 308 JACOBI
1068 273 1114 307 v.
1545 280 1591 315 39

165 385 353 409 concarum
373 384 385 406 t
403 371 438 418 ijc
455 370 564 405 bukes
584 370 656 417 sjffl
684 370 720 417 ij0
752 369 855 404 ostria
873 386 884 403 l
903 370 940 404 in
972 370 1133 405 musculis
1153 384 1164 404 s
1183 369 1358 416 greubahs
1378 386 1388 407 s
1409 373 1501 420 cepis
1520 390 1530 406 l
1551 380 1585 408 et

165 452 314 498 cariagio
342 464 354 485 s
382 450 468 498 varij
496 449 603 496 precij
632 461 644 483 l
672 448 816 483 Summa
833 460 854 483 v
871 449 896 483 ii
915 461 936 483 v
954 453 970 484 ἔ
987 449 1045 495 viij
1064 449 1089 484 d
1107 465 1117 482 ι
1138 454 1173 483 et
1192 451 1318 497 expen’
1346 468 1356 483 l
1387 450 1446 485 De
1472 452 1588 498 proin-

165 531 262 565 tratis
281 546 291 563 ι
311 529 435 576 expen'
453 528 512 562 xix
529 525 636 575 girlfis
656 540 667 561 Ι
687 532 721 562 et
739 525 782 561 fic
799 526 938 562 restant.

664 606 807 640 Summa
824 619 845 640 v
863 606 887 640 ii
906 619 928 640 v
946 611 960 641 ἔ
979 606 1036 653 viij
1055 606 1090 641 d.

214 772 297 802 DIE
321 769 499 801 MARTIS
517 763 612 797 sexto
641 761 781 796 Mercii.
832 768 1080 799 PANETRIA.
1120 763 1177 797 De
1204 765 1409 810 preintratis
1431 778 1443 799 l
1463 765 1587 812 expen’

166 845 202 878 in
220 844 397 879 dominico
414 841 484 889 xiiij
504 854 610 889 panes
629 854 641 875 l
660 840 703 875 de
730 839 882 874 secundo
906 841 936 887 je
965 847 1016 877 vxx
1046 842 1082 888 iij
1109 853 1216 888 panes
1243 858 1254 875 l
1286 842 1377 877 Item
1410 844 1534 890 expen’
1553 844 1589 876 in

165 921 305 968 pastillis
321 920 391 968 xvij
414 932 521 968 panes
548 936 558 952 ι
587 919 731 954 Summa
757 918 985 965 expensarum
1017 919 1053 965 ijc
1082 919 1154 966 xiiij
1187 932 1295 966 panes
1315 932 1328 954 l
1347 925 1382 955 et
1400 920 1443 955 fic
1462 920 1589 955 restant

165 1000 241 1048 vijffl
257 998 304 1047 vjc
320 999 440 1045 lxxxvj
469 1010 587 1045 panes,
638 1003 926 1034 BUTELARIA.
973 997 1111 1045 Expen'
1130 998 1180 1032 lix
1198 998 1342 1046 laginej
1363 1005 1488 1046 quarta
1516 1013 1588 1034 cer-

165 1078 246 1113 uifie
278 1091 290 1112 t
321 1083 356 1112 et
383 1075 426 1111 fic
461 1075 589 1110 reflant
618 1075 786 1122 lxxxxviij
819 1075 934 1121 lagine
959 1075 973 1122 j
1006 1081 1131 1121 quarta
1150 1075 1303 1111 ceruifie.
1372 1084 1587 1121 COQUINA.

167 1156 224 1191 De
254 1155 455 1203 preintratis
474 1170 485 1188 ι
506 1155 630 1201 expen'
649 1166 697 1189 xx
716 1153 877 1188 mulones
907 1153 994 1201 aridj
1016 1167 1028 1188 t
1046 1154 1108 1201 iiijc
1139 1153 1327 1202 speldingis
1358 1169 1370 1190 l
1402 1156 1462 1203 iiijc
1480 1157 1590 1192 alleca

165 1234 247 1269 salsa
265 1248 277 1269 t
295 1247 318 1268 x
336 1233 469 1280 rigadia
486 1232 584 1267 arida
603 1234 642 1279 [j
662 1237 762 1280 petra.
781 1232 840 1279 xiij
860 1231 947 1266 libre
959 1232 1065 1280 butirj
1086 1246 1098 1266 s
1119 1238 1153 1267 et
1167 1232 1210 1268 fic
1224 1233 1352 1268 restant
1367 1236 1413 1281 ij
1427 1235 1499 1282 xvij
1515 1248 1589 1270 mu-

164 1314 263 1348 lones
281 1312 366 1360 aridj
389 1325 400 1346 s
414 1312 442 1358 jc
460 1311 519 1358 lvij
539 1311 672 1357 rigadia
689 1311 785 1345 arida
804 1324 815 1344 s
835 1311 928 1358 xvj(U
947 1311 1018 1358 viijc
1036 1310 1124 1346 lxxx
1143 1312 1329 1358 speldingis
1354 1313 1424 1360 vj‘0
1438 1315 1465 1360 jc
1484 1320 1534 1348 vxx
1553 1314 1586 1360 xj

165 1391 274 1424 alleca
291 1388 372 1423 salfit
393 1402 404 1423 l
424 1389 506 1436 xxxj
534 1394 633 1436 petre
664 1389 697 1436 xj
731 1389 818 1423 libre
846 1388 953 1436 butirj
982 1405 993 1422 ι
1023 1388 1115 1423 Item
1147 1391 1252 1437 empt'
1280 1391 1326 1438 vij
1358 1391 1520 1426 mulones
1538 1405 1591 1427 re-

166 1473 284 1502 centes
303 1484 313 1501 s
333 1467 417 1514 lxxij
437 1466 504 1514 {1le
524 1465 632 1513 pisces
652 1480 663 1501 s
689 1467 762 1514 xiiij
791 1467 972 1513 merlingis
999 1483 1010 1501 ι
1036 1467 1051 1514 j
1082 1467 1177 1514 leing
1209 1484 1218 1501 ι
1247 1468 1305 1516 viij
1337 1469 1507 1505 salmones
1538 1484 1590 1505 re-

165 1551 283 1581 centes
305 1558 317 1580 l
336 1546 372 1579 in
390 1544 587 1592 pecfftinibus
607 1557 619 1579 Ι
638 1544 684 1591 iiij
704 1544 784 1592 lueij
807 1561 817 1578 t
837 1545 874 1578 in
892 1544 1045 1579 fundolis
1065 1558 1076 1580 J
1094 1545 1270 1591 grenbans
1289 1563 1298 1579 t
1318 1550 1424 1596 xxxvj
1440 1548 1560 1596 polupj
1578 1563 1588 1583 s

164 1624 196 1671 vj
218 1623 332 1670 cancrj
356 1637 364 1659 l
380 1626 394 1671 J'
413 1623 522 1670 padill
541 1624 581 1670 ‘j
601 1623 758 1669 anguilla
786 1636 913 1669 magna
932 1637 943 1658 l
958 1623 1008 1671 ‘j‘U
1027 1623 1129 1658 ostria
1147 1637 1159 1658 s
1178 1624 1214 1672 ijC
1231 1624 1341 1660 bukes
1360 1643 1371 1660 ι
1391 1627 1428 1660 in
1446 1628 1561 1662 concis
1578 1644 1587 1661 s

165 1701 327 1736 musculis
346 1714 358 1735 l
377 1701 549 1748 codlingis
569 1718 579 1735 ι
599 1707 634 1736 et
653 1702 805 1748 cariagiO
825 1714 838 1737 l
857 1701 942 1748 varij
963 1701 1069 1750 precij
1100 1719 1110 1735 l
1138 1701 1351 1738 Summavfi
1365 1704 1447 1752 xviij
1464 1710 1479 1740 ἔ
1492 1705 1524 1752 vj
1538 1706 1562 1741 d
1577 1720 1588 1740 ι

165 1785 200 1814 et
218 1780 342 1826 expen'
363 1792 373 1813 s
395 1779 486 1814 Item
506 1780 549 1815 de
567 1780 769 1827 preintratis
789 1793 800 1814 l
820 1780 947 1827 expen'
964 1779 1025 1814 xix
1041 1779 1152 1826 girlfis
1171 1797 1182 1814 ι
1203 1787 1236 1816 et
1253 1780 1297 1816 fic
1315 1783 1453 1818 restant.

641 1858 785 1892 Summa
802 1871 824 1892 v
841 1858 866 1892 ii
884 1857 966 1904 xviij
986 1862 1001 1892 ἔ
1018 1858 1063 1905 vij
1083 1859 1117 1894 d.

216 2020 298 2049 DIE
324 2019 562 2049 MERCURII
587 2014 632 2048 vii
651 2013 790 2048 Mercii.
843 2021 1096 2050 PANETRIA.
1139 2014 1196 2049 De
1212 2016 1413 2062 preintratis
1433 2031 1444 2051 l
1463 2020 1587 2066 expen’

168 2093 203 2125 in
222 2091 399 2125 dominico
418 2091 463 2138 xij
485 2104 591 2138 panes
625 2105 635 2125 l
665 2091 706 2126 de
725 2091 877 2126 secundo
890 2092 919 2139 J'c
937 2095 1016 2140 vxxj
1035 2105 1142 2140 panes
1169 2106 1180 2127 l
1211 2093 1301 2128 Item
1321 2097 1446 2142 expen'
1464 2096 1500 2130 in
1517 2097 1590 2143 pas—

166 2169 249 2203 tillis
279 2181 327 2202 xx
353 2182 459 2216 panes
487 2182 498 2203 s
527 2169 670 2204 Summa
698 2170 924 2217 expensarum
946 2171 981 2218 ijc
999 2171 1057 2218 xiij
1091 2185 1198 2219 panes
1217 2185 1229 2206 l
1249 2178 1283 2207 et
1300 2171 1344 2207 fic
1361 2173 1488 2209 restant
1506 2175 1588 2223 vijffl

165 2248 227 2294 iiijc
258 2247 353 2294 lxxiij
383 2260 488 2294 panes
517 2262 528 2282 l
563 2248 654 2283 Item
683 2251 789 2296 empt'
816 2262 878 2297 per
908 2249 1129 2286 Wilkinsoun
1145 2251 1307 2299 pistorem
1326 2252 1361 2300 iij
1382 2254 1498 2289 celdre
1516 2256 1587 2290 fru-

166 2328 274 2373 mentj
293 2326 388 2373 price
406 2327 501 2374 xxxij
521 2327 545 2361 fi
564 2327 622 2374 viij
642 2331 657 2362 ἔ
685 2341 697 2362 l
727 2328 770 2363 de
798 2328 922 2374 quibus
952 2337 1196 2377 prouenerunt
1219 2332 1254 2366 in
1273 2332 1420 2378 panibus
1439 2346 1517 2368 cum
1536 2335 1585 2379 le3
