1861 2703
152 714 299 744 Edinburgh.

143 1885 275 1915 Striueling.

317 215 387 250 ⁶206
760 218 918 255 LIBER
946 220 1223 258 DOMICILII
1506 202 1512 210 -
1626 235 1730 267 1528.

508 403 648 426 AUERIA
667 404 830 427 SUPREMI
848 406 987 430 DOMINI
1006 408 1140 432 NOSTRI
1159 410 1266 433 REGIS
1297 410 1346 434 DE
1378 411 1480 436 ANNO
1514 414 1654 438 DOMINI
1673 406 1731 440 &C-

510 477 648 504 xxvnl⁰
662 484 674 504 Ι
691 483 915 507 INCHOANDO
934 485 999 509 DIE
1017 487 1242 511 SUBSCRIPTO
1265 490 1278 511 Ι
1297 489 1469 513 ROBERTO
1488 491 1663 516 BERTOUN
1684 495 1731 517 DE

508 561 804 585 OUIRBERNTOUN
823 563 1081 586 COMPOTOROM
1101 564 1350 589 ROTULATORE
1369 567 1414 590 Ac
1435 568 1708 594 THESAURARIO.

366 708 531 743 SEPTIMO
552 707 710 743 MERcu.
764 708 864 754 Rege
892 714 1096 744 remanente
1126 710 1163 743 in
1194 710 1403 758 Edinburgh
1437 725 1447 746 t
1477 717 1600 760 expen’
1628 715 1729 763 super

316 789 391 836 iiijor
409 788 505 835 equis
523 787 656 834 magnis
675 787 821 833 Dominj
844 787 952 833 Regis
971 786 1072 822 miffis
1090 787 1207 822 versus
1226 788 1503 837 Dunfermeliug
1533 800 1567 826 et
1587 792 1730 828 Monas.

316 868 442 903 terium
460 867 503 901 de
522 865 724 900 Lundouris
754 869 814 899 xv⁹
844 864 969 911 Mercij
1002 870 1036 899 et
1066 865 1168 912 super
1198 868 1294 912 equis
1327 869 1521 904 minoribus
1548 871 1698 906 eiusdem
1721 886 1728 907 l

314 958 453 981 necnon
474 944 609 979 duobus
628 944 724 990 equis
744 943 900 990 Magistrj
918 943 1051 978 Auerie
1067 957 1078 978 l
1094 944 1114 990 ij
1132 945 1278 992 Robertj
1294 946 1366 980 Gib
1383 960 1393 980 l
1409 948 1485 994 iiijor
1510 949 1729 985 Seruitoruffl

315 1024 445 1071 Stabulj
467 1037 479 1057 s
498 1037 536 1058 ac
555 1024 650 1069 equis
664 1022 836 1058 Johannis
852 1021 948 1056 Bane
960 1021 1196 1068 sumpterinan
1212 1036 1222 1056 s
1237 1028 1271 1057 et
1282 1022 1459 1059 Johannis
1473 1025 1678 1062 Donaldson
1694 1030 1728 1062 in

313 1105 431 1137 aueria
450 1115 461 1135 l
480 1100 740 1136 remanentibus
766 1100 802 1133 iu
834 1099 1042 1146 Edinburgh
1072 1113 1092 1133 a
1123 1100 1218 1134 diGto
1250 1101 1306 1135 die
1333 1102 1395 1148 vij⁰
1418 1102 1543 1150 Mercij
1564 1105 1728 1140 inclufiue

311 1181 415 1227 vsque
433 1181 490 1227 xiij
512 1179 664 1214 eiusdem
685 1176 857 1212 exclufiue
878 1191 888 1210 s
908 1177 964 1224 quj
984 1178 1063 1211 sunt
1089 1177 1146 1211 sex
1175 1178 1249 1212 dies
1269 1192 1280 1212 s
1300 1180 1515 1226 capientibus
1533 1184 1727 1219 mensuram

313 1260 487 1307 duplicem
507 1272 518 1293 l
538 1257 753 1305 capientibus
772 1256 842 1303 xiiij
862 1255 972 1290 bollas
999 1255 1032 1302 iij
1065 1256 1196 1290 firlotas
1227 1269 1419 1292 auenarum
1440 1272 1451 1292 s
1470 1260 1616 1305 pricium
1636 1262 1728 1297 bollo

310 1352 331 1372 x
351 1345 366 1374 ἔ
383 1338 440 1385 viij
461 1338 485 1372 d
512 1349 523 1371 l
552 1337 695 1372 Summa
712 1335 756 1382 vij
776 1335 801 1369 ii
819 1336 876 1380 xvj
897 1338 911 1368 ἓ
931 1334 977 1381 iiij
997 1333 1021 1368 d
1049 1346 1059 1367 l
1090 1333 1180 1367 Item
1207 1332 1309 1367 solut'
1336 1334 1372 1367 in
1399 1335 1509 1382 gagijs
1536 1337 1606 1383 fenj
1627 1338 1728 1373 did-{is

310 1418 404 1464 equis
423 1429 484 1464 per
503 1415 596 1449 idem
615 1420 752 1461 tempus
771 1412 830 1459 xlij
850 1417 865 1446 ἔ
893 1425 905 1446 l
933 1411 1026 1446 Item
1044 1411 1144 1445 solut’
1176 1411 1211 1445 in
1241 1424 1331 1458 pane
1350 1413 1477 1458 equino
1496 1414 1605 1448 tribus
1632 1418 1726 1462 equis

308 1495 454 1542 Domiuj
478 1494 585 1541 Regis
604 1496 636 1540 vj
656 1497 670 1526 Ξ
700 1506 710 1526 1
741 1491 830 1525 Item
849 1490 950 1524 solut’
971 1491 1006 1523 in
1024 1490 1134 1536 gagijs
1153 1490 1302 1524 duorum
1323 1491 1537 1526 verletoruin
1567 1492 1722 1541 Magistrj

310 1575 443 1609 Auerie
462 1572 725 1607 remanencium
745 1571 780 1604 in
795 1569 1004 1615 Edinburgh
1022 1573 1121 1602 extra
1139 1568 1353 1602 domicilium
1371 1581 1434 1615 per
1453 1570 1527 1616 iii-jor
1549 1571 1620 1605 dies
1640 1585 1651 1605 Ι
1670 1585 1723 1606 ca-

308 1653 482 1701 piencium
500 1663 546 1684 xx
564 1650 588 1685 d
606 1650 642 1683 in
663 1649 717 1683 die
746 1662 757 1682 l
786 1648 928 1682 Summa
946 1648 978 1693 vj
998 1650 1012 1680 ἔ
1030 1646 1087 1692 viij
1107 1646 1141 1680 d.

772 1726 914 1760 Summa
931 1725 1078 1772 pecunie
1096 1737 1118 1758 x
1136 1724 1161 1758 fi
1179 1726 1212 1770 xj
1231 1729 1255 1758 Ξ.

355 1887 513 1922 Dsscmo
532 1896 669 1920 TERTlo
690 1882 848 1917 Manen.
902 1881 1002 1927 Rege
1033 1887 1237 1915 remanente
1265 1881 1300 1914 in
1332 1880 1524 1927 Striueling
1554 1895 1566 1915 ι
1597 1884 1720 1929 expen'

306 1967 407 2012 super
428 1964 460 2010 vj
490 1964 585 2009 equis
604 1961 750 2008 Dominj
773 1960 882 2007 Regis
913 1973 924 1994 s
955 1959 976 2006 ij
1009 1959 1164 2006 Magistrj
1196 1959 1330 1994 Auerie
1358 1971 1370 1992 Ι
1399 1959 1420 2005 ij
1453 1958 1717 2006 Robertj'Gibs

306 2042 380 2088 iiij0r
417 2041 512 2086 equis
544 2040 763 2074 Seruitorum
784 2037 915 2083 Stabulj
937 2050 948 2071 s
967 2050 1006 2071 ac
1025 2037 1120 2082 equis
1145 2035 1318 2072 Johannis
1337 2035 1434 2069 Bane
1457 2035 1716 2082 sumptermans

309 2125 343 2153 et
357 2119 528 2154 Johannis
543 2117 775 2152 Donaldsoun
791 2130 802 2151 l
816 2115 1075 2150 remanentibus
1090 2115 1126 2148 in
1141 2114 1333 2160 Striueling
1345 2127 1364 2148 a
1375 2113 1471 2148 dicto
1483 2113 1538 2147 die
1552 2113 1717 2148 inclufiue

310 2197 413 2242 vsque
428 2195 497 2242 xxij
519 2194 670 2229 eiusdem
689 2193 860 2228 exclufiue
880 2207 891 2227 l
910 2193 966 2240 quj
987 2193 1065 2227 sunt
1083 2205 1211 2226 nouem
1232 2192 1303 2226 dies
1322 2204 1335 2225 l
1354 2191 1567 2238 capientibus
1585 2192 1717 2225 mensu-

307 2286 381 2308 ram
400 2273 573 2319 duplicem
603 2286 612 2306 1
643 2272 689 2306 Et
706 2285 776 2307 vno
796 2284 885 2318 equo
905 2271 1051 2317 Dominj
1074 2270 1181 2317 Regis
1198 2283 1260 2317 per
1278 2269 1322 2316 vij
1345 2269 1416 2305 dies
1433 2269 1524 2304 infra
1541 2269 1607 2303 hoc
1625 2281 1716 2303 com-
