1861 2703
295 213 366 244 920
773 208 931 243 LIBER
959 208 1236 244 DOMICILII
1607 214 1711 249 15Q9.

297 307 333 352 ijc
358 305 429 351 xiiij
458 316 576 351 paneS.
634 310 916 340 BUTELARIA.
958 305 1095 352 Expen’
1121 305 1179 352 lvij
1208 305 1323 351 lagine
1348 305 1362 352 j
1390 310 1515 351 quarta
1544 305 1711 340 ceruifies

297 389 331 417 et
350 383 392 417 fic
411 382 539 417 restant
556 382 626 429 iij‘0
645 382 705 429 iiijc
724 388 773 417 v¹¹
793 382 838 429 xij
859 395 965 430 panes
984 396 996 418 1
1015 389 1050 418 et
1078 382 1121 417 fic
1147 383 1316 430 restantjc
1334 383 1383 417 lix
1401 383 1517 430 lagine
1537 383 1569 430 iij
1589 389 1711 430 quarte

297 459 448 494 ceruifie.
487 465 701 502 COQUINA.
729 459 846 507 Empt’
860 460 893 507 iij
911 461 1072 495 mulones
1086 461 1157 508 viij¹³
1171 461 1281 495 alleca
1301 461 1427 508 1j⁰albj
1443 462 1549 508 pisces
1565 475 1576 496 s
1591 462 1709 508 lxxviij

295 538 465 584 codlingis
485 552 495 572 l
515 537 611 584 xxiiij
634 538 794 572 mulones
820 539 905 584 aridj
929 552 939 572 Ι
960 540 994 585 ijc
1012 539 1155 585 perches
1176 552 1186 573 Ι
1207 539 1241 573 xl
1268 539 1422 585 anguille
1447 542 1485 586 sj
1506 539 1616 574 lucius
1636 553 1646 573 s
1660 540 1711 586 j«)

295 616 343 662 iij¹³
364 615 465 649 ostria
485 629 495 649 s
515 615 549 662 ijc
567 615 677 649 bukes
698 628 708 649 t
728 615 789 662 iiijc
808 618 916 663 xxxvj
937 629 1006 650 oua
1038 630 1049 650 s
1082 617 1126 664 vij
1157 616 1276 651 barilia
1294 629 1481 663 pomorum
1512 630 1524 651 l
1555 617 1590 664 iij
1609 624 1708 664 petre

293 849 379 883 libre
398 849 502 896 butirj
522 849 640 896 xxxvij
661 855 676 885 ἔ
695 863 705 883 s
726 856 760 884 et
779 851 902 897 expen'
921 850 942 896 ij
962 855 1060 897 petre
1091 850 1148 896 viij
1176 849 1263 884 libre
1290 849 1393 896 butirj
1417 863 1428 883 Ι
1448 855 1482 884 et
1509 849 1552 884 fic
1579 850 1706 884 restant

285 927 299 973 j
320 933 418 974 petra
436 928 481 974 xij
502 927 588 962 libre
608 927 711 974 butirj
742 941 752 961 s
782 927 871 962 Item
892 927 1009 974 intratj
1025 930 1052 974 j⁰
1070 927 1153 961 lxxx
1181 928 1341 961 mulones
1371 927 1456 974 aridj
1488 927 1652 962 restantes
1671 931 1703 975 vj

291 1004 505 1039 Nouembris
525 1019 535 1039 s
556 1011 589 1040 et
608 1008 733 1052 expen'
745 1006 780 1052 iij
798 1005 958 1039 mulones
977 1018 987 1039 l
1008 1010 1043 1039 et
1060 1003 1103 1039 fic
1121 1004 1248 1039 restant
1261 1005 1288 1051 j
1303 1005 1409 1051 lxxvij
1428 1005 1586 1039 mulones
1604 1005 1702 1051 aridj.

819 1082 963 1117 Summa
979 1083 1038 1116 xix
1055 1083 1081 1117 ii
1100 1085 1131 1129 vj
1151 1087 1176 1117 ἕ.

337 1247 418 1277 DIE
443 1247 678 1277 DOMINICO
704 1241 812 1275 xxviii
840 1240 1063 1275 Nouembris.
1116 1245 1368 1276 PANETRIA.
1398 1239 1454 1274 De
1475 1241 1674 1286 preintratis
1691 1255 1701 1274 s

288 1319 411 1365 expen'
440 1319 476 1352 in
508 1318 684 1352 dominico
716 1324 750 1352 et
785 1317 936 1353 secundo
967 1318 1002 1365 ijc
1028 1331 1145 1366 panes,
1229 1318 1319 1352 Item
1348 1321 1470 1365 expen’
1498 1319 1534 1352 in
1561 1318 1701 1365 pastillis

286 1397 356 1444 xlvj
376 1410 482 1444 panes
509 1410 520 1430 l
550 1397 693 1431 Summa
713 1397 746 1443 ijc
764 1397 833 1444 xlvj
853 1409 960 1444 panes
979 1410 990 1431 l
1010 1403 1045 1431 et
1062 1396 1105 1431 fic
1136 1396 1263 1431 restant
1280 1396 1363 1444 iiij(U
1382 1396 1430 1444 iijc
1446 1403 1497 1431 v'‘x
1516 1409 1562 1432 xv
1580 1409 1698 1443 panes.

287 1480 572 1510 BUTELARIA.
616 1475 752 1521 Expen'
782 1475 817 1509 lx
849 1475 963 1522 lagine
991 1488 1002 1509 t
1030 1481 1065 1509 et
1093 1474 1134 1509 fic
1162 1474 1289 1509 restant
1307 1474 1366 1521 lxij
1387 1475 1501 1521 lagine
1529 1474 1696 1510 ceruifie1

288 1551 379 1586 Item
399 1553 528 1587 intrate
542 1553 574 1599 vj
596 1553 712 1587 celdre
731 1554 777 1600 xij
797 1553 890 1587 bolle
909 1553 1004 1600 ordej
1022 1553 1121 1587 firme
1136 1552 1179 1586 de
1198 1552 1268 1586 Fiff
1280 1565 1342 1599 per
1362 1552 1559 1586 Robertum
1576 1551 1667 1586 Wod
1684 1566 1694 1586 t

285 1630 327 1663 de
346 1630 470 1675 quibus
488 1636 733 1676 prouenerunt
753 1631 787 1664 in
807 1629 949 1664 ceruifia
966 1630 1037 1676 viijc
1056 1630 1170 1676 lagine
1189 1628 1329 1664 ceruifie
1349 1643 1360 1664 s
1380 1635 1414 1664 et
1443 1629 1485 1664 fic
1515 1630 1641 1665 restant
1659 1631 1695 1664 in

284 1712 360 1740 toto
379 1706 450 1752 viijc
469 1706 528 1753 lxij
549 1706 664 1753 lagine
683 1706 834 1741 ceruilie.
886 1712 1005 1748 COQU
1014 1712 1100 1742 lNA.
1142 1706 1258 1753 Empt'
1277 1707 1311 1740 xl
1331 1712 1440 1741 inerte
1455 1720 1532 1745 cuni
1549 1708 1693 1754 corrijsz

284 1786 438 1831 precium
458 1785 545 1832 pecij
566 1786 674 1819 xxxix
694 1789 709 1819 ἓ
737 1799 747 1819 s
776 1786 919 1820 Summa
937 1785 1055 1832 lxxviij
1077 1786 1101 1820 ii
1129 1799 1139 1819 Ι
1169 1785 1261 1820 Item
1279 1786 1395 1820 intrat’
1412 1787 1633 1832 proprietatis
1651 1787 1693 1821 de

283 1864 329 1898 &e
358 1877 368 1897 s
398 1863 515 1910 Itemj
537 1864 732 1909 eareagium
750 1869 862 1897 merte
891 1864 913 1910 ij
946 1869 1069 1909 quarte
1097 1864 1169 1911 xliij
1189 1870 1204 1899 ἔ
1220 1864 1252 1911 vj
1273 1865 1297 1899 d
1327 1877 1339 1898 l
1370 1864 1413 1898 de
1431 1864 1555 1910 quibus
1574 1869 1694 1912 expen'

276 1944 290 1987 j
313 1942 450 1988 mertaj
467 1947 591 1987 quarta
610 1947 720 1975 merte
741 1954 751 1975 s
772 1946 806 1975 et
823 1939 866 1975 fic
884 1940 1011 1975 restant
1029 1941 1065 1974 xl
1084 1941 1221 1988 mertej
1238 1947 1361 1987 quarta
1378 1946 1489 1975 merte
1508 1941 1693 1976 lardinarie

282 2018 491 2064 Edinburgh
520 2031 531 2052 s
561 2018 652 2053 Item
685 2021 809 2065 expen’
841 2018 884 2052 de
912 2018 1113 2065 preintratis
1143 2018 1191 2065 iiij
1224 2023 1387 2052 mutones
1419 2030 1431 2052 l
1459 2023 1493 2052 et
1519 2017 1562 2052 fic
1580 2031 1692 2064 eques

278 2186 402 2207 narum
425 2185 432 2207 l
453 2173 509 2219 xvj
530 2173 646 2220 pultre
666 2187 676 2207 s
696 2174 765 2220 xlvj
788 2186 937 2221 capones
958 2187 969 2208 s
990 2174 1009 2221 ij
1031 2186 1180 2221 capones
1199 2187 1210 2207 s
1230 2187 1276 2208 xv
1295 2187 1380 2208 auce
1411 2173 1593 2208 domestice
1613 2187 1625 2207 s
1644 2174 1689 2220 iiij

278 2250 358 2298 gallj
380 2250 469 2296 nigrj
492 2263 502 2284 s
522 2250 592 2297 xiiij
613 2250 776 2297 pluuiarij
798 2264 808 2284 l
827 2264 897 2286 xxv
915 2250 996 2298 gallj
1016 2249 1182 2286 filuestres
1202 2264 1213 2285 s
1228 2251 1255 2298 jc
1274 2251 1396 2286 alaude
1417 2265 1427 2285 l
1449 2252 1483 2285 in
1498 2251 1605 2286 ordeo
1625 2264 1635 2285 s
1656 2259 1689 2286 et
