1861 2703
270 214 314 247 86
744 207 901 241 LIBER
930 205 1208 242 DOMICILII
1579 208 1681 239 1525.

276 310 364 344 Item
385 307 488 353 empt'
501 305 543 339 de
560 303 750 338 Willielmo
764 302 983 337 Wilkinsoun
993 302 1007 349 j
1024 300 1217 349 pounfioun
1232 300 1303 347 vinj
1320 300 1437 347 claretj
1455 313 1466 334 l
1482 300 1576 347 price
1590 300 1634 346 vij
1648 300 1683 334 ii.

278 387 366 420 Item
386 384 491 430 empt'
515 383 557 417 de
584 381 747 418 ,Iohanne
768 380 922 414 IVallace
948 383 961 427 j
993 378 1188 426 po-unsloun
1215 377 1398 412 confimilis
1416 378 1485 425 vinj
1508 391 1519 412 s
1539 377 1689 412 eiusdem

324 463 427 510 precij
722 487 729 493 .
1022 484 1029 490 .
1323 483 1330 489 .
1589 456 1634 502 vij
1654 456 1689 489 fi.

279 543 367 576 Item
387 540 492 586 empt'
511 538 553 572 de
571 537 711 583 burgoj
731 536 925 583 pounlioun
946 536 1015 582 vinj
1036 534 1102 581 albj
1124 548 1134 568 l
1154 535 1248 581 price
1361 560 1368 567 .
1516 534 1560 581 vij
1581 534 1604 568 ii
1624 547 1646 567 x
1664 539 1688 569 Ξ.

279 621 367 654 Item
386 617 569 665 propinate
588 628 631 650 ex
645 615 739 649 dono
754 613 913 661 prepositj
931 619 965 647 et
980 611 1240 647 communitatis
1255 610 1452 656 Edinburgi
1467 623 1549 656 erga
1564 611 1690 645 Natale

322 697 368 743 iiij
389 692 622 742 pounfiounes
640 691 709 738 vinj
731 690 848 737 claretj
871 690 983 724 locate
1002 690 1037 723 in
1064 689 1160 723 dicto
1179 688 1320 723 cellario
1342 687 1543 734 Monasterij
1564 688 1691 722 San&e

279 852 370 885 Item
400 850 500 884 solut'
530 861 592 895 per
622 848 821 883 Johannem
866 846 1025 892 Donglas
1055 858 1119 892 pro
1150 845 1367 880 extractione
1399 845 1434 878 ix
1463 843 1692 891 pounsionum

326 930 395 976 vinj
416 928 533 973 claretj
553 926 708 973 superius
728 926 844 959 intrat'
863 925 906 959 de
925 924 1005 970 nauj
1023 937 1034 957 s
1047 929 1082 958 et
1103 922 1320 970 impositione
1332 922 1482 956 eiusdem
1499 922 1534 955 in
1547 921 1694 967 cellarijs

329 1007 371 1040 de
390 1005 495 1040 Leith
515 1018 525 1038 l
545 1017 584 1038 ae
603 1004 751 1050 cariagio
770 1003 814 1037 de
834 1001 938 1036 Leith
958 1002 1074 1035 versus
1095 1000 1348 1035 Monasterium
1498 999 1529 1045 vj
1550 1005 1564 1034 3
1583 999 1638 1045 viij
1661 999 1694 1033 d.

282 1085 373 1118 Item
392 1083 492 1117 solut’
510 1095 573 1129 per
592 1081 742 1116 eundem
771 1093 835 1127 pro
855 1080 1006 1126 eariagio
1037 1080 1142 1113 trium
1175 1078 1348 1113 doliorum
1372 1078 1386 1124 j
1417 1077 1605 1124 pounsonis
1624 1076 1694 1122 vinj

330 1162 372 1195 de
394 1160 564 1195 Rochaell
590 1161 626 1193 in
653 1159 728 1206 iiij⁰r
748 1158 907 1192 curribus
925 1158 967 1192 de
988 1157 1091 1192 Leith
1110 1156 1227 1191 versus
1246 1156 1498 1190 Monasterium
1520 1170 1530 1190 l
1550 1169 1588 1190 ac
1606 1156 1695 1189 loca-

330 1241 426 1274 tione
444 1244 478 1273 et
496 1236 712 1285 impositione
731 1237 882 1272 eiusdem
902 1237 938 1271 in
956 1236 1098 1270 cellario
1118 1235 1201 1281 dict-j
1225 1234 1427 1281 Monasterij
1449 1247 1460 1268 s
1480 1233 1696 1281 pinatoribus

331 1323 366 1351 et
382 1329 445 1364 pro
465 1315 602 1350 circulis
619 1313 851 1362 pounfionum
1100 1338 1108 1346 .
1355 1338 1362 1345 .
1510 1325 1557 1345 xx
1575 1317 1589 1345 ἒ
1607 1311 1638 1357 vj
1659 1312 1694 1345 d.

287 1395 375 1429 Item
391 1394 564 1442 empt'per
577 1393 727 1428 eundem
743 1393 764 1440 ij
779 1392 830 1427 lez
844 1391 1071 1426 Roubbouris
1085 1403 1148 1437 pro
1163 1391 1245 1424 vino
1261 1390 1423 1423 cariando
1437 1390 1479 1425 de
1493 1389 1699 1434 Edinburgh

334 1471 452 1506 versus
470 1471 652 1506 Daulketh
670 1476 751 1505 ante
770 1469 898 1504 Natale
917 1482 929 1503 1
949 1469 1043 1516 price
1061 1468 1192 1514 equalis
1357 1494 1364 1501 .
1608 1468 1654 1513 iiij
1675 1473 1699 1501 3.

291 1551 379 1585 Item
400 1551 505 1596 empt'
526 1563 536 1583 l
556 1550 750 1596 penultimo
770 1547 983 1582 Nouembris
1010 1561 1021 1581 l
1049 1547 1092 1581 de
1110 1546 1272 1582 ,Iohanne
1299 1545 1407 1580 Bruse
1433 1546 1466 1592 iij
1496 1546 1611 1591 lagine
1628 1546 1699 1591 vinj

339 1628 456 1675 claretj
479 1641 489 1662 t
508 1628 602 1675 price
621 1627 741 1674 pincte
759 1627 804 1673 xij
824 1626 848 1661 d
864 1639 875 1660 1
895 1625 988 1659 miffe
1007 1624 1124 1660 verlhs
1143 1623 1325 1658 Daulketh
1345 1637 1355 1657 l
1375 1636 1510 1658 summa
1559 1623 1654 1670 xxiiij
1675 1628 1699 1657 3.

292 1708 382 1741 Item
397 1707 439 1740 de
452 1702 1398 1750 JohanneFischearseodemdiesjlaginajq11artadi6tj
1413 1702 1482 1748 vinj
1496 1702 1608 1748 sprice
1635 1714 1656 1734 x
1675 1707 1700 1736 Ξ.

292 1784 383 1818 Item
413 1785 517 1830 empt'
538 1797 548 1817 s
567 1784 680 1830 primo
708 1782 915 1817 Decembris
935 1795 945 1815 Ι
966 1781 1008 1815 de
1027 1780 1217 1815 Willielmo
1245 1779 1315 1814 Car
1343 1780 1364 1826 ij
1397 1779 1509 1825 lagine
1535 1782 1548 1826 j
1581 1786 1703 1825 quarta

336 1866 348 1909 j
369 1863 490 1909 pineta
506 1863 577 1908 vinj
597 1861 715 1908 claretj
738 1875 749 1895 1
768 1861 862 1908 price
882 1860 1000 1907 Ρίυὸὶθ
1019 1859 1204 1894 duodecim
1223 1858 1353 1905 denarij
1376 1871 1386 1891 l
1404 1870 1540 1892 summa
1602 1858 1660 1891 xix
1679 1862 1703 1892 3.

297 1942 387 1975 Item
395 1941 549 1988 empt'de
557 1940 679 1975 eodem
687 1939 721 1986 iij
731 1939 845 1985 lagine
855 1937 1037 1972 conlimilis
1045 1936 1114 1984 vinj
1124 1934 1276 1970 eiusdem
1283 1936 1390 1982 precij
1406 1949 1416 1970 t
1429 1948 1564 1970 summa
1575 1935 1670 1982 xxiiij
1679 1940 1704 1970 ἓ.

299 2019 389 2052 Item
406 2032 416 2051 s
431 2019 504 2065 iiijw
515 2018 721 2053 Decembris
737 2031 748 2051 l
761 2017 794 2064 iij
809 2016 923 2063 lagine
936 2015 1020 2050 dicti
1033 2015 1102 2061 vinj
1120 2014 1270 2049 eiusdem
1284 2013 1389 2061 precij
1400 2026 1553 2048 [summa
1570 2013 1664 2059 xxiiij
1681 2017 1706 2047 ἔ.

299 2096 389 2130 Item
401 2097 532 2143 empt'ij
548 2096 663 2142 lagine
677 2096 711 2142 iij
720 2100 841 2141 quarte
854 2094 923 2141 vinj
938 2093 1055 2140 claretj
1066 2093 1178 2140 [price
1192 2092 1311 2139 pincte
1324 2092 1369 2139 xij
1383 2092 1407 2127 d
1421 2105 1433 2126 l
1448 2103 1582 2126 summa
1595 2091 1666 2137 xxij
1681 2095 1706 2125 ἔ.

301 2175 391 2208 Item
404 2174 446 2208 de
454 2173 644 2208 Willielmo
658 2173 727 2207 Car
745 2186 755 2207 s
768 2173 842 2219 viij⁰
850 2171 1055 2207 Decembris
1069 2184 1080 2205 t
1096 2171 1129 2217 iij
1142 2176 1264 2217 quarte
1279 2170 1348 2217 vinj
1366 2170 1484 2217 claretj
1502 2184 1512 2204 l
1528 2170 1622 2216 price
1636 2169 1668 2214 vj
1682 2173 1706 2202 Ξ,

304 2253 391 2286 Item
412 2252 541 2298 empt'j
563 2257 684 2297 quarta
698 2253 711 2297 j
731 2251 849 2297 pinclu
869 2251 952 2297 dietj
972 2249 1042 2296 vinj
1064 2249 1181 2296 claretj
1202 2249 1351 2283 eiusdem
1371 2248 1475 2295 precij
1629 2246 1662 2292 iij
1682 2252 1706 2283 ἔ.
