1861 2703
265 248 333 279 124
720 243 878 278 LIBER
907 243 1184 279 DOMICILII
1574 248 1680 280 1528.

311 347 393 376 DIE
417 345 543 375 LUNE
573 339 622 373 xii
653 338 831 374 ofitobris.
894 346 1156 376 PANETRIA.
1199 340 1256 374 De
1284 340 1484 387 preintratis
1514 354 1525 375 s
1557 341 1681 388 expen’

263 418 354 465 apud
370 416 576 463 Edinburgh
595 417 631 450 in
650 416 795 452 difiunio
816 417 924 464 Regis
942 431 965 451 Χ
982 431 1088 464 panes
1116 432 1127 452 l
1156 425 1191 452 et
1224 417 1267 452 fic
1300 418 1427 453 restant
1454 418 1548 466 apud
1576 419 1684 453 Edin-

263 496 376 542 burgh
395 495 463 529 jx«)
481 495 540 541 vijc
557 495 664 542 xxviij
692 508 808 542 panes.
862 501 1150 531 BUTELARIA.
1189 496 1326 543 Expen'
1344 496 1365 543 ij
1386 497 1500 543 lagine
1519 497 1540 544 ij
1561 502 1683 543 quarte

266 572 405 608 ceruifie
425 587 435 607 s
456 580 490 607 et
508 572 551 607 fic
578 572 706 607 restant
732 572 866 619 lxxxiiij
899 572 1015 619 lagine
1043 573 1077 620 iij
1110 578 1235 619 quarte
1264 573 1416 609 ceruifie.
1469 580 1682 617 COQUINA.

266 652 401 698 Expen'
420 651 454 698 iij
476 656 637 685 mutones
657 665 668 685 s
689 656 723 686 et
740 650 784 685 fic
815 650 944 685 restant
973 650 1032 697 xiij
1065 656 1230 686 mutones
1256 652 1270 698 j
1301 657 1424 698 quarta.
1453 652 1546 699 apud
1578 651 1686 686 Edin-

265 730 377 777 burgh
405 743 415 763 s
445 729 536 763 Item
556 730 660 776 empt'
678 743 701 763 Χ
718 729 1017 776 pulligallinarum
1038 743 1049 763 s
1068 729 1114 776 xij
1147 729 1264 776 pultre
1285 742 1296 763 l
1316 743 1338 763 Χ
1358 742 1507 777 capones
1537 743 1548 763 t
1578 730 1613 763 in
1631 742 1685 764 01⁴-

266 809 330 843 deo
351 822 362 842 s
380 808 462 855 xxxj
482 812 497 841 ἔ
514 809 547 854 vj
566 808 591 842 d
609 821 620 842 l
641 813 675 842 et
694 809 829 855 expen’.

102 974 237 1003 «ηῑιιριὶῃὲς.
317 970 476 1001 EODEM
501 970 595 1000 DIE.
649 964 766 1010 Empt’
785 964 877 1011 apud
897 964 1045 1011 burgum
1066 964 1108 999 de
1136 964 1304 999 Striuelin
1332 965 1380 1012 iij‘
1409 977 1516 1012 panes
1546 965 1687 999 venales

265 1044 421 1091 precium
440 1043 474 1089 iij
494 1043 519 1076 ii
541 1056 547 1077 l
570 1043 612 1076 de
631 1042 755 1088 quibus
786 1043 910 1089 expen’
928 1043 964 1075 in
994 1055 1080 1076 cena
1097 1043 1265 1089 lxxxxviij
1285 1055 1393 1089 panes
1413 1056 1424 1077 t
1445 1048 1480 1077 et
1497 1041 1540 1077 fic
1559 1042 1686 1078 restant

266 1120 383 1167 ijfxxij
404 1133 522 1166 paneS.
574 1127 856 1157 BUTELARIA.
898 1120 1015 1166 Empt’
1031 1119 1154 1166 lxxxvj
1175 1120 1289 1166 lagine
1309 1119 1450 1155 ceruifie
1467 1120 1524 1167 viij
1548 1121 1573 1154 ii
1602 1134 1612 1154 l
1641 1119 1688 1154 Et

263 1200 392 1233 intrate
411 1198 554 1244 lxxxxvj
575 1198 718 1245 laginej
739 1204 863 1244 quarta
889 1196 1030 1232 ceruifie
1060 1210 1071 1230 l
1101 1196 1245 1231 Summa
1277 1198 1379 1232 huius
1409 1198 1573 1232 introitus
1593 1198 1622 1245 jc
1639 1198 1685 1245 lvj

266 1360 299 1388 et
318 1353 361 1388 fic
379 1354 507 1388 restant
531 1356 558 1400 j‘
586 1354 671 1400 xxxj
703 1354 818 1400 lagine
849 1353 884 1400 iij
918 1358 1040 1399 quarte
1072 1351 1224 1387 ceruifie⁴
1277 1358 1500 1395 COQUINA.
1541 1353 1685 1400 Empt'j

265 1432 402 1478 mertaj
423 1438 546 1477 quarta
565 1431 673 1477 xxxvj
694 1436 709 1466 ἔ
728 1431 768 1478 sj
788 1431 920 1466 vitulus
940 1442 1088 1476 magnus
1106 1431 1154 1477 xij
1176 1435 1191 1465 ἔ
1209 1444 1220 1465 s
1242 1433 1272 1478 vj
1293 1436 1456 1466 mutones
1474 1431 1579 1478 xxviij
1600 1436 1614 1465 ἔ
1633 1444 1643 1465 s
1664 1432 1684 1478 ij

264 1510 382 1557 lingue
402 1510 529 1544 bouine
549 1522 571 1542 x
589 1509 612 1544 d
632 1522 642 1543 s
663 1515 697 1543 et
716 1510 851 1556 expen'.

732 1586 875 1621 Summa
892 1587 949 1633 xvj
969 1587 994 1620 fi
1013 1587 1070 1634 viij
1092 1592 1107 1621 ἔ
1124 1587 1170 1633 iiij
1190 1587 1224 1622 d.

313 1750 395 1779 DIE
421 1750 583 1780 SABOTI
603 1744 675 1778 xvii
694 1743 873 1778 OGtobris.
930 1749 1180 1779 PANETRIA.
1222 1742 1280 1777 De
1309 1743 1510 1789 preintratis
1530 1757 1540 1777 l
1561 1746 1684 1791 expen’

259 1823 285 1866 j*
306 1822 388 1869 >diiij
409 1835 515 1868 panes
543 1836 553 1856 s
583 1821 674 1856 Item
695 1822 800 1868 empt’
819 1827 869 1855 vxx
888 1821 909 1868 ij
930 1834 1036 1868 panes
1054 1822 1137 1868 xviij
1157 1825 1172 1855 Ξ
1189 1821 1236 1868 iiij
1255 1821 1279 1855 d
1306 1833 1317 1854 l
1346 1821 1388 1855 de
1407 1821 1530 1867 quibus
1560 1823 1684 1869 expen'

264 1901 332 1948 xvij
353 1913 459 1948 panes
478 1914 489 1934 Ι
509 1906 544 1934 et
561 1899 604 1934 fic
623 1899 749 1935 restant
767 1899 919 1946 lxxxx-iij
939 1912 1056 1946 panes.
1111 1904 1395 1936 BUTELARIA.
1425 1898 1682 1946 Expen’xxviij

265 1980 380 2025 lagine
399 1977 539 2013 ceruifie
560 1991 570 2011 s
591 1984 625 2012 et
643 1976 686 2011 fic
705 1977 832 2012 reflant
850 1977 943 2024 apud
964 1977 1131 2012 Striuelin
1150 1982 1201 2011 vxx
1219 1977 1241 2024 ij
1261 1976 1375 2023 lagine
1393 1977 1414 2023 ij
1435 1982 1556 2022 quarte
1575 1978 1684 2012 cerui-

105 2074 239 2104 Linlimqw.
265 2058 308 2092 fie
337 2071 346 2092 t
378 2057 468 2091 Item
504 2057 609 2103 empt’
626 2056 719 2102 apud
737 2055 930 2101 Linlithqw
950 2055 1033 2102 xlvij
1062 2055 1177 2101 lagine
1204 2052 1344 2089 ceruifie
1373 2067 1384 2088 t
1413 2054 1457 2088 de
1485 2054 1609 2100 quibus
1626 2067 1683 2089 ex-

269 2137 349 2184 pen’
366 2134 436 2181 xvij
456 2134 571 2179 lagine
591 2132 758 2180 ceruifiej
778 2138 902 2179 quarta
922 2147 932 2167 s
952 2139 987 2168 et
1003 2132 1047 2167 fic
1073 2132 1201 2167 restant
1231 2132 1317 2167 xxix
1349 2131 1463 2179 lagine
1494 2131 1528 2178 iij
1560 2137 1681 2178 quarte

269 2212 419 2249 ceruifie.
473 2217 684 2253 COQUINA.
724 2210 841 2257 Einpt’
860 2217 893 2244 vc
911 2211 947 2244 lx
965 2210 1073 2245 alleca
1106 2223 1118 2244 s
1144 2212 1171 2257 j‘
1194 2210 1240 2257 iiij
1272 2209 1339 2256 albj
1370 2208 1475 2256 pisces
1505 2221 1513 2243 1
1539 2211 1554 2256 j
1585 2208 1654 2243 sole
1669 2222 1680 2242 l
1700 2204 1704 2213 ¹

268 2291 339 2337 ,xxij
372 2289 452 2335 lucij
479 2288 577 2335 paruj
600 2301 610 2322 s
631 2288 666 2322 in
693 2287 855 2334 anguillis
876 2301 887 2321 s
906 2287 1022 2322 butiro
1043 2300 1054 2321 l
1074 2287 1150 2321 ouis
1169 2300 1180 2320 s
1209 2286 1304 2321 caseo
1324 2299 1336 2320 l
1354 2285 1465 2333 pomis
1485 2297 1496 2319 1
1514 2285 1596 2332 piris
1615 2298 1626 2319 s
1646 2291 1678 2319 et
