<?xml version="1.0" encoding="UTF-8"?>
<!DOCTYPE html PUBLIC "-//W3C//DTD XHTML 1.0 Transitional//EN"
    "http://www.w3.org/TR/xhtml1/DTD/xhtml1-transitional.dtd">
<html xmlns="http://www.w3.org/1999/xhtml" xml:lang="en" lang="en">
 <head>
  <title>
</title>
<meta http-equiv="Content-Type" content="text/html;charset=utf-8" />
  <meta name='ocr-system' content='tesseract 3.04.00' />
  <meta name='ocr-capabilities' content='ocr_page ocr_carea ocr_par ocr_line ocrx_word'/>
</head>
<body>
  <div class='ocr_page' id='page_1' title='image "./excerptaelibrisd00bann_0248.png"; bbox 0 0 1861 2703; ppageno 0'>
   <div class='ocr_carea' id='block_1_1' title="bbox 131 695 154 748">
    <p class='ocr_par' dir='ltr' id='par_1_1' title="bbox 131 695 154 748">
     <span class='ocr_line' id='line_1_1' title="bbox 131 695 154 748; textangle 90"><span class='ocrx_word' id='word_1_1' title='bbox 131 695 154 748; x_wconf 61' lang='lat'>*¹122</span> 
     </span>
    </p>
   </div>
   <div class='ocr_carea' id='block_1_2' title="bbox 179 702 204 748">
    <p class='ocr_par' dir='ltr' id='par_1_2' title="bbox 179 702 204 748">
     <span class='ocr_line' id='line_1_2' title="bbox 179 702 204 748; textangle 90"><span class='ocrx_word' id='word_1_2' title='bbox 179 702 204 748; x_wconf 63' lang='grc' dir='ltr'><strong><em>ἶὲ</em></strong></span> 
     </span>
    </p>
   </div>
   <div class='ocr_carea' id='block_1_3' title="bbox 198 693 213 714">
    <p class='ocr_par' dir='ltr' id='par_1_3' title="bbox 198 693 213 714">
     <span class='ocr_line' id='line_1_3' title="bbox 198 693 213 714; textangle 90"><span class='ocrx_word' id='word_1_3' title='bbox 198 693 213 714; x_wconf 68' lang='grc' dir='ltr'>,ἕ-</span> 
     </span>
    </p>
   </div>
   <div class='ocr_carea' id='block_1_4' title="bbox 282 189 1698 230">
    <p class='ocr_par' dir='ltr' id='par_1_4' title="bbox 282 189 1698 230">
     <span class='ocr_line' id='line_1_4' title="bbox 282 189 1698 230; baseline -0.001 -3"><span class='ocrx_word' id='word_1_4' title='bbox 282 197 352 228; x_wconf 66' lang='lat'>‘210</span> <span class='ocrx_word' id='word_1_5' title='bbox 739 189 896 226; x_wconf 86' lang='lat' dir='ltr'>LIBER</span> <span class='ocrx_word' id='word_1_6' title='bbox 924 189 1212 226; x_wconf 91' lang='lat' dir='ltr'>DOMICILII.</span> <span class='ocrx_word' id='word_1_7' title='bbox 1596 195 1698 230; x_wconf 67' lang='lat'>1529.</span> 
     </span>
    </p>
   </div>
   <div class='ocr_carea' id='block_1_5' title="bbox 284 286 1703 492">
    <p class='ocr_par' dir='ltr' id='par_1_5' title="bbox 284 286 1703 492">
     <span class='ocr_line' id='line_1_5' title="bbox 284 286 1702 337; baseline -0.002 -13"><span class='ocrx_word' id='word_1_8' title='bbox 284 290 353 337; x_wconf 81' lang='lat' dir='ltr'>xlvj</span> <span class='ocrx_word' id='word_1_9' title='bbox 375 299 544 335; x_wconf 90' lang='lat' dir='ltr'>equorum</span> <span class='ocrx_word' id='word_1_10' title='bbox 578 286 797 321; x_wconf 84' lang='lat' dir='ltr'>familiarium</span> <span class='ocrx_word' id='word_1_11' title='bbox 818 287 965 334; x_wconf 87' lang='lat' dir='ltr'>Dominj</span> <span class='ocrx_word' id='word_1_12' title='bbox 989 287 1097 334; x_wconf 80' lang='lat' dir='ltr'>Regis</span> <span class='ocrx_word' id='word_1_13' title='bbox 1115 288 1381 323; x_wconf 81' lang='lat' dir='ltr'>remaneneium</span> <span class='ocrx_word' id='word_1_14' title='bbox 1401 287 1437 322; x_wconf 88' lang='lat' dir='ltr'>in</span> <span class='ocrx_word' id='word_1_15' title='bbox 1457 287 1649 334; x_wconf 85' lang='lat' dir='ltr'>Striueling</span> <span class='ocrx_word' id='word_1_16' title='bbox 1667 294 1702 322; x_wconf 86' lang='lat' dir='ltr'>et</span> 
     </span>
     <span class='ocr_line' id='line_1_6' title="bbox 287 365 1703 412; baseline -0.003 -10"><span class='ocrx_word' id='word_1_17' title='bbox 287 365 494 412; x_wconf 83' lang='lat' dir='ltr'>Edinburgh</span> <span class='ocrx_word' id='word_1_18' title='bbox 518 377 580 412; x_wconf 79' lang='lat' dir='ltr'>pel·</span> <span class='ocrx_word' id='word_1_19' title='bbox 598 369 735 411; x_wconf 84' lang='lat' dir='ltr'>tempus</span> <span class='ocrx_word' id='word_1_20' title='bbox 760 365 987 412; x_wconf 82' lang='lat' dir='ltr'>prescriptum</span> <span class='ocrx_word' id='word_1_21' title='bbox 1014 365 1052 399; x_wconf 88' lang='lat' dir='ltr'>in</span> <span class='ocrx_word' id='word_1_22' title='bbox 1084 377 1195 411; x_wconf 82' lang='lat' dir='ltr'>grano</span> <span class='ocrx_word' id='word_1_23' title='bbox 1223 370 1257 399; x_wconf 87' lang='lat' dir='ltr'>et</span> <span class='ocrx_word' id='word_1_24' title='bbox 1274 365 1435 412; x_wconf 82' lang='lat' dir='ltr'>gramine</span> <span class='ocrx_word' id='word_1_25' title='bbox 1456 377 1467 399; x_wconf 86' lang='lat' dir='ltr'><em>l</em></span> <span class='ocrx_word' id='word_1_26' title='bbox 1487 365 1703 412; x_wconf 84' lang='lat' dir='ltr'>capieneium</span> 
     </span>
     <span class='ocr_line' id='line_1_7' title="bbox 289 443 1028 492; baseline -0.004 -13"><span class='ocrx_word' id='word_1_27' title='bbox 289 445 394 492; x_wconf 86' lang='lat' dir='ltr'>xxviij</span> <span class='ocrx_word' id='word_1_28' title='bbox 414 449 428 478; x_wconf 69' lang='grc' dir='ltr'>ἔ</span> <span class='ocrx_word' id='word_1_29' title='bbox 446 445 483 478; x_wconf 86' lang='lat' dir='ltr'>iu</span> <span class='ocrx_word' id='word_1_30' title='bbox 501 443 556 478; x_wconf 83' lang='lat' dir='ltr'>die</span> <span class='ocrx_word' id='word_1_31' title='bbox 585 457 596 477; x_wconf 85' lang='lat' dir='ltr'><em>l</em></span> <span class='ocrx_word' id='word_1_32' title='bbox 626 443 769 477; x_wconf 81' lang='lat' dir='ltr'>Summa</span> <span class='ocrx_word' id='word_1_33' title='bbox 786 443 858 490; x_wconf 80' lang='lat' dir='ltr'>xliij</span> <span class='ocrx_word' id='word_1_34' title='bbox 879 444 904 477; x_wconf 76' lang='lat' dir='ltr'>ii</span> <span class='ocrx_word' id='word_1_35' title='bbox 924 444 981 489; x_wconf 83' lang='lat' dir='ltr'>viij</span> <span class='ocrx_word' id='word_1_36' title='bbox 1002 447 1028 477; x_wconf 77' lang='grc' dir='ltr'>ἔ.</span> 
     </span>
    </p>
   </div>
   <div class='ocr_carea' id='block_1_6' title="bbox 662 520 1334 568">
    <p class='ocr_par' dir='ltr' id='par_1_6' title="bbox 662 520 1334 568">
     <span class='ocr_line' id='line_1_8' title="bbox 662 520 1334 568; baseline -0.001 -13"><span class='ocrx_word' id='word_1_37' title='bbox 662 521 805 555; x_wconf 84' lang='lat' dir='ltr'>Summa</span> <span class='ocrx_word' id='word_1_38' title='bbox 821 522 969 568; x_wconf 84' lang='lat' dir='ltr'>pecunie</span> <span class='ocrx_word' id='word_1_39' title='bbox 988 521 1060 554; x_wconf 75' lang='lat' dir='ltr'>xlix</span> <span class='ocrx_word' id='word_1_40' title='bbox 1078 521 1103 555; x_wconf 76' lang='lat' dir='ltr'>fi</span> <span class='ocrx_word' id='word_1_41' title='bbox 1122 520 1167 567; x_wconf 86' lang='lat' dir='ltr'>iiij</span> <span class='ocrx_word' id='word_1_42' title='bbox 1190 526 1205 555; x_wconf 71' lang='grc' dir='ltr'><strong>ἔ</strong></span> <span class='ocrx_word' id='word_1_43' title='bbox 1224 521 1280 567; x_wconf 85' lang='lat' dir='ltr'>viij</span> <span class='ocrx_word' id='word_1_44' title='bbox 1299 521 1334 556; x_wconf 82' lang='lat' dir='ltr'>d.</span> 
     </span>
    </p>
   </div>
   <div class='ocr_carea' id='block_1_7' title="bbox 294 676 1713 1584">
    <p class='ocr_par' dir='ltr' id='par_1_7' title="bbox 294 676 1713 1352">
     <span class='ocr_line' id='line_1_9' title="bbox 345 676 1708 723; baseline -0.001 -10"><span class='ocrx_word' id='word_1_45' title='bbox 345 679 470 713; x_wconf 72' lang='lat' dir='ltr'>Pnimo</span> <span class='ocrx_word' id='word_1_46' title='bbox 491 678 677 712; x_wconf 81' lang='lat' dir='ltr'><strong>AUGUSTI.</strong></span> <span class='ocrx_word' id='word_1_47' title='bbox 730 677 830 723; x_wconf 79' lang='lat' dir='ltr'>Rege</span> <span class='ocrx_word' id='word_1_48' title='bbox 849 683 1052 711; x_wconf 82' lang='lat' dir='ltr'>remanente</span> <span class='ocrx_word' id='word_1_49' title='bbox 1070 677 1106 711; x_wconf 88' lang='lat' dir='ltr'>in</span> <span class='ocrx_word' id='word_1_50' title='bbox 1126 677 1320 723; x_wconf 84' lang='lat' dir='ltr'>Striueling</span> <span class='ocrx_word' id='word_1_51' title='bbox 1343 682 1378 712; x_wconf 85' lang='lat' dir='ltr'>et</span> <span class='ocrx_word' id='word_1_52' title='bbox 1406 676 1600 711; x_wconf 84' lang='lat' dir='ltr'>Faulkland</span> <span class='ocrx_word' id='word_1_53' title='bbox 1621 691 1632 711; x_wconf 75' lang='lat' dir='ltr'><em>s</em></span> <span class='ocrx_word' id='word_1_54' title='bbox 1652 690 1708 712; x_wconf 82' lang='lat' dir='ltr'>ex-</span> 
     </span>
     <span class='ocr_line' id='line_1_10' title="bbox 294 755 1709 804; baseline -0.002 -12"><span class='ocrx_word' id='word_1_55' title='bbox 294 758 373 804; x_wconf 87' lang='lat' dir='ltr'>pen’</span> <span class='ocrx_word' id='word_1_56' title='bbox 392 756 493 804; x_wconf 86' lang='lat' dir='ltr'>super</span> <span class='ocrx_word' id='word_1_57' title='bbox 512 768 580 790; x_wconf 86' lang='lat' dir='ltr'>vno</span> <span class='ocrx_word' id='word_1_58' title='bbox 612 768 701 801; x_wconf 85' lang='lat' dir='ltr'>equo</span> <span class='ocrx_word' id='word_1_59' title='bbox 728 755 877 802; x_wconf 85' lang='lat' dir='ltr'>Dominj</span> <span class='ocrx_word' id='word_1_60' title='bbox 913 755 1021 801; x_wconf 75' lang='lat' dir='ltr'>Regis</span> <span class='ocrx_word' id='word_1_61' title='bbox 1052 760 1256 789; x_wconf 82' lang='lat' dir='ltr'>remanente</span> <span class='ocrx_word' id='word_1_62' title='bbox 1286 755 1413 790; x_wconf 87' lang='lat' dir='ltr'>ibidem</span> <span class='ocrx_word' id='word_1_63' title='bbox 1448 768 1459 789; x_wconf 82' lang='grc' dir='ltr'><em>Ι</em></span> <span class='ocrx_word' id='word_1_64' title='bbox 1490 769 1510 789; x_wconf 81' lang='lat' dir='ltr'>a</span> <span class='ocrx_word' id='word_1_65' title='bbox 1540 755 1635 790; x_wconf 60' lang='lat' dir='ltr'>dieto</span> <span class='ocrx_word' id='word_1_66' title='bbox 1654 755 1709 789; x_wconf 85' lang='lat' dir='ltr'>die</span> 
     </span>
     <span class='ocr_line' id='line_1_11' title="bbox 294 831 1707 883; baseline -0.002 -13"><span class='ocrx_word' id='word_1_67' title='bbox 294 837 407 883; x_wconf 84' lang='lat' dir='ltr'>primo</span> <span class='ocrx_word' id='word_1_68' title='bbox 428 834 575 881; x_wconf 80' lang='lat' dir='ltr'>Augustj</span> <span class='ocrx_word' id='word_1_69' title='bbox 596 832 761 868; x_wconf 76' lang='lat' dir='ltr'>inelufiue</span> <span class='ocrx_word' id='word_1_70' title='bbox 779 831 883 879; x_wconf 80' lang='lat' dir='ltr'>Vsque</span> <span class='ocrx_word' id='word_1_71' title='bbox 904 835 959 879; x_wconf 87' lang='lat' dir='ltr'>xvj</span> <span class='ocrx_word' id='word_1_72' title='bbox 980 832 1132 868; x_wconf 82' lang='lat' dir='ltr'>einsdem</span> <span class='ocrx_word' id='word_1_73' title='bbox 1152 832 1325 867; x_wconf 82' lang='lat' dir='ltr'>exclufiue</span> <span class='ocrx_word' id='word_1_74' title='bbox 1345 846 1355 867; x_wconf 80' lang='lat' dir='ltr'><em>l</em></span> <span class='ocrx_word' id='word_1_75' title='bbox 1375 835 1432 880; x_wconf 92' lang='lat' dir='ltr'>quj</span> <span class='ocrx_word' id='word_1_76' title='bbox 1451 832 1531 867; x_wconf 82' lang='lat' dir='ltr'>sunt</span> <span class='ocrx_word' id='word_1_77' title='bbox 1547 846 1593 867; x_wconf 85' lang='lat' dir='ltr'>xv</span> <span class='ocrx_word' id='word_1_78' title='bbox 1612 833 1707 867; x_wconf 70' lang='lat' dir='ltr'>diest</span> 
     </span>
     <span class='ocr_line' id='line_1_12' title="bbox 295 911 1711 961; baseline -0.003 -12"><span class='ocrx_word' id='word_1_79' title='bbox 295 915 452 961; x_wconf 84' lang='lat' dir='ltr'>capiente</span> <span class='ocrx_word' id='word_1_80' title='bbox 472 911 666 947; x_wconf 83' lang='lat' dir='ltr'>mensuram</span> <span class='ocrx_word' id='word_1_81' title='bbox 698 911 872 958; x_wconf 84' lang='lat' dir='ltr'>duplicem</span> <span class='ocrx_word' id='word_1_82' title='bbox 895 912 1082 958; x_wconf 76' lang='lat' dir='ltr'>[capiente</span> <span class='ocrx_word' id='word_1_83' title='bbox 1107 911 1121 958; x_wconf 84' lang='lat' dir='ltr'>j</span> <span class='ocrx_word' id='word_1_84' title='bbox 1150 911 1280 945; x_wconf 85' lang='lat' dir='ltr'>hollam</span> <span class='ocrx_word' id='word_1_85' title='bbox 1310 911 1345 957; x_wconf 88' lang='lat' dir='ltr'>iij</span> <span class='ocrx_word' id='word_1_86' title='bbox 1377 911 1508 945; x_wconf 83' lang='lat' dir='ltr'>firlotas</span> <span class='ocrx_word' id='word_1_87' title='bbox 1536 912 1557 958; x_wconf 83' lang='lat' dir='ltr'>ij</span> <span class='ocrx_word' id='word_1_88' title='bbox 1590 924 1711 958; x_wconf 85' lang='lat' dir='ltr'>peccas</span> 
     </span>
     <span class='ocr_line' id='line_1_13' title="bbox 296 989 1711 1037; baseline -0.002 -10"><span class='ocrx_word' id='word_1_89' title='bbox 296 1004 484 1027; x_wconf 84' lang='lat' dir='ltr'>auenarum</span> <span class='ocrx_word' id='word_1_90' title='bbox 506 1004 517 1024; x_wconf 85' lang='lat' dir='ltr'><em>l</em></span> <span class='ocrx_word' id='word_1_91' title='bbox 536 991 683 1037; x_wconf 66' lang='lat' dir='ltr'>prio-ium</span> <span class='ocrx_word' id='word_1_92' title='bbox 711 1002 757 1023; x_wconf 82' lang='lat' dir='ltr'>xx</span> <span class='ocrx_word' id='word_1_93' title='bbox 775 994 789 1023; x_wconf 75' lang='grc' dir='ltr'><strong>ἔ</strong></span> <span class='ocrx_word' id='word_1_94' title='bbox 816 1003 827 1023; x_wconf 78' lang='lat' dir='ltr'>t</span> <span class='ocrx_word' id='word_1_95' title='bbox 857 990 947 1024; x_wconf 83' lang='lat' dir='ltr'>Item</span> <span class='ocrx_word' id='word_1_96' title='bbox 979 989 1079 1023; x_wconf 90' lang='lat' dir='ltr'>solut’</span> <span class='ocrx_word' id='word_1_97' title='bbox 1110 1002 1174 1036; x_wconf 90' lang='lat' dir='ltr'>pro</span> <span class='ocrx_word' id='word_1_98' title='bbox 1200 989 1329 1036; x_wconf 86' lang='lat' dir='ltr'>pabulo</span> <span class='ocrx_word' id='word_1_99' title='bbox 1358 989 1508 1024; x_wconf 86' lang='lat' dir='ltr'>duorum</span> <span class='ocrx_word' id='word_1_100' title='bbox 1540 1002 1711 1036; x_wconf 87' lang='lat' dir='ltr'>equorum</span> 
     </span>
     <span class='ocr_line' id='line_1_14' title="bbox 298 1067 1712 1115; baseline -0.001 -11"><span class='ocrx_word' id='word_1_101' title='bbox 298 1069 446 1115; x_wconf 85' lang='lat' dir='ltr'>Dominj</span> <span class='ocrx_word' id='word_1_102' title='bbox 466 1069 576 1114; x_wconf 80' lang='lat' dir='ltr'>Regis</span> <span class='ocrx_word' id='word_1_103' title='bbox 595 1068 855 1102; x_wconf 81' lang='lat' dir='ltr'>remaneneium</span> <span class='ocrx_word' id='word_1_104' title='bbox 869 1067 904 1100; x_wconf 85' lang='lat' dir='ltr'>in</span> <span class='ocrx_word' id='word_1_105' title='bbox 920 1067 1118 1101; x_wconf 71' lang='lat' dir='ltr'>Faulkland</span> <span class='ocrx_word' id='word_1_106' title='bbox 1135 1072 1169 1101; x_wconf 85' lang='lat' dir='ltr'>et</span> <span class='ocrx_word' id='word_1_107' title='bbox 1185 1067 1395 1113; x_wconf 83' lang='lat' dir='ltr'>Edinburgh</span> <span class='ocrx_word' id='word_1_108' title='bbox 1409 1080 1472 1114; x_wconf 88' lang='lat' dir='ltr'>per</span> <span class='ocrx_word' id='word_1_109' title='bbox 1485 1070 1519 1114; x_wconf 84' lang='lat' dir='ltr'>xj</span> <span class='ocrx_word' id='word_1_110' title='bbox 1535 1068 1608 1102; x_wconf 89' lang='lat' dir='ltr'>dies</span> <span class='ocrx_word' id='word_1_111' title='bbox 1624 1068 1712 1102; x_wconf 86' lang='lat' dir='ltr'>infra</span> 
     </span>
     <span class='ocr_line' id='line_1_15' title="bbox 299 1145 1711 1193; baseline -0.001 -11"><span class='ocrx_word' id='word_1_112' title='bbox 299 1150 364 1183; x_wconf 74' lang='lat' dir='ltr'>hoc</span> <span class='ocrx_word' id='word_1_113' title='bbox 384 1152 584 1193; x_wconf 85' lang='lat' dir='ltr'>compotum</span> <span class='ocrx_word' id='word_1_114' title='bbox 613 1147 649 1179; x_wconf 88' lang='lat' dir='ltr'>in</span> <span class='ocrx_word' id='word_1_115' title='bbox 676 1158 787 1192; x_wconf 82' lang='lat' dir='ltr'>grano</span> <span class='ocrx_word' id='word_1_116' title='bbox 817 1146 975 1192; x_wconf 78' lang='lat' dir='ltr'>gramine</span> <span class='ocrx_word' id='word_1_117' title='bbox 1007 1146 1066 1192; x_wconf 79' lang='lat' dir='ltr'>xiij</span> <span class='ocrx_word' id='word_1_118' title='bbox 1086 1150 1101 1179; x_wconf 73' lang='grc' dir='ltr'>ἔ</span> <span class='ocrx_word' id='word_1_119' title='bbox 1128 1158 1139 1179; x_wconf 77' lang='lat' dir='ltr'><em>t</em></span> <span class='ocrx_word' id='word_1_120' title='bbox 1169 1145 1260 1180; x_wconf 87' lang='lat' dir='ltr'>Item</span> <span class='ocrx_word' id='word_1_121' title='bbox 1291 1145 1391 1180; x_wconf 84' lang='lat' dir='ltr'>solut’</span> <span class='ocrx_word' id='word_1_122' title='bbox 1416 1158 1481 1193; x_wconf 88' lang='lat' dir='ltr'>pro</span> <span class='ocrx_word' id='word_1_123' title='bbox 1511 1145 1639 1193; x_wconf 88' lang='lat' dir='ltr'>pabulo</span> <span class='ocrx_word' id='word_1_124' title='bbox 1665 1146 1711 1192; x_wconf 88' lang='lat' dir='ltr'>lvj</span> 
     </span>
     <span class='ocr_line' id='line_1_16' title="bbox 300 1223 1713 1272; baseline -0.001 -12"><span class='ocrx_word' id='word_1_125' title='bbox 300 1238 469 1272; x_wconf 85' lang='lat' dir='ltr'>equorum</span> <span class='ocrx_word' id='word_1_126' title='bbox 500 1224 708 1258; x_wconf 81' lang='lat' dir='ltr'>familiarum</span> <span class='ocrx_word' id='word_1_127' title='bbox 732 1223 878 1270; x_wconf 90' lang='lat' dir='ltr'>Dominj</span> <span class='ocrx_word' id='word_1_128' title='bbox 913 1223 1021 1270; x_wconf 79' lang='lat' dir='ltr'>Regis</span> <span class='ocrx_word' id='word_1_129' title='bbox 1049 1236 1112 1270; x_wconf 84' lang='lat' dir='ltr'>per</span> <span class='ocrx_word' id='word_1_130' title='bbox 1142 1229 1280 1271; x_wconf 82' lang='lat' dir='ltr'>tempus</span> <span class='ocrx_word' id='word_1_131' title='bbox 1310 1223 1509 1270; x_wconf 67' lang='lat' dir='ltr'>predie&#39;tum</span> <span class='ocrx_word' id='word_1_132' title='bbox 1536 1224 1573 1258; x_wconf 90' lang='lat' dir='ltr'>in</span> <span class='ocrx_word' id='word_1_133' title='bbox 1603 1236 1713 1270; x_wconf 87' lang='lat' dir='ltr'>grano</span> 
     </span>
     <span class='ocr_line' id='line_1_17' title="bbox 303 1301 1360 1352; baseline -0.003 -14"><span class='ocrx_word' id='word_1_134' title='bbox 303 1305 458 1352; x_wconf 86' lang='lat' dir='ltr'>gramine</span> <span class='ocrx_word' id='word_1_135' title='bbox 480 1317 490 1337; x_wconf 78' lang='lat' dir='ltr'><em>s</em></span> <span class='ocrx_word' id='word_1_136' title='bbox 509 1302 727 1349; x_wconf 83' lang='lat' dir='ltr'>capiencium</span> <span class='ocrx_word' id='word_1_137' title='bbox 745 1301 853 1348; x_wconf 79' lang='lat' dir='ltr'>xxviij</span> <span class='ocrx_word' id='word_1_138' title='bbox 875 1306 889 1336; x_wconf 74' lang='grc' dir='ltr'>ἔ</span> <span class='ocrx_word' id='word_1_139' title='bbox 907 1302 941 1335; x_wconf 81' lang='lat' dir='ltr'>in</span> <span class='ocrx_word' id='word_1_140' title='bbox 961 1302 1016 1336; x_wconf 87' lang='lat' dir='ltr'>die</span> <span class='ocrx_word' id='word_1_141' title='bbox 1045 1315 1056 1336; x_wconf 80' lang='lat' dir='ltr'>t</span> <span class='ocrx_word' id='word_1_142' title='bbox 1085 1302 1230 1336; x_wconf 82' lang='lat' dir='ltr'>Summa</span> <span class='ocrx_word' id='word_1_143' title='bbox 1247 1301 1305 1348; x_wconf 84' lang='lat' dir='ltr'>xxj</span> <span class='ocrx_word' id='word_1_144' title='bbox 1324 1302 1360 1336; x_wconf 68' lang='lat' dir='ltr'>ii.</span> 
     </span>
    </p>

    <p class='ocr_par' dir='ltr' id='par_1_8' title="bbox 494 1380 1712 1584">
     <span class='ocr_line' id='line_1_18' title="bbox 494 1380 1061 1428; baseline -0.002 -12"><span class='ocrx_word' id='word_1_145' title='bbox 494 1383 638 1416; x_wconf 84' lang='lat' dir='ltr'>Summa</span> <span class='ocrx_word' id='word_1_146' title='bbox 655 1380 802 1428; x_wconf 87' lang='lat' dir='ltr'>pecunie</span> <span class='ocrx_word' id='word_1_147' title='bbox 821 1380 892 1427; x_wconf 71' lang='lat' dir='ltr'>xxij</span> <span class='ocrx_word' id='word_1_148' title='bbox 912 1380 936 1415; x_wconf 74' lang='lat' dir='ltr'><strong>fi</strong></span> <span class='ocrx_word' id='word_1_149' title='bbox 954 1380 1013 1427; x_wconf 87' lang='lat' dir='ltr'>xiij</span> <span class='ocrx_word' id='word_1_150' title='bbox 1036 1385 1061 1415; x_wconf 74' lang='grc' dir='ltr'>ἔ.</span> 
     </span>
     <span class='ocr_line' id='line_1_19' title="bbox 494 1457 1712 1505; baseline 0 -12"><span class='ocrx_word' id='word_1_151' title='bbox 494 1459 637 1493; x_wconf 85' lang='lat' dir='ltr'>Summa</span> <span class='ocrx_word' id='word_1_152' title='bbox 654 1458 770 1493; x_wconf 84' lang='lat' dir='ltr'>totalis</span> <span class='ocrx_word' id='word_1_153' title='bbox 790 1458 925 1493; x_wconf 78' lang='lat' dir='ltr'>AuerIe</span> <span class='ocrx_word' id='word_1_154' title='bbox 944 1464 1090 1492; x_wconf 84' lang='lat' dir='ltr'>onerata</span> <span class='ocrx_word' id='word_1_155' title='bbox 1119 1458 1156 1492; x_wconf 90' lang='lat' dir='ltr'>in</span> <span class='ocrx_word' id='word_1_156' title='bbox 1189 1457 1366 1505; x_wconf 88' lang='lat' dir='ltr'>Compoto</span> <span class='ocrx_word' id='word_1_157' title='bbox 1384 1458 1532 1505; x_wconf 84' lang='lat' dir='ltr'>Robertj</span> <span class='ocrx_word' id='word_1_158' title='bbox 1555 1458 1712 1494; x_wconf 87' lang='lat' dir='ltr'>Bertoun</span> 
     </span>
     <span class='ocr_line' id='line_1_20' title="bbox 496 1535 1424 1584; baseline 0 -13"><span class='ocrx_word' id='word_1_159' title='bbox 496 1537 752 1584; x_wconf 84' lang='lat' dir='ltr'>Compotorum</span> <span class='ocrx_word' id='word_1_160' title='bbox 774 1536 993 1570; x_wconf 78' lang='lat' dir='ltr'>Rotulatoris</span> <span class='ocrx_word' id='word_1_161' title='bbox 1013 1536 1060 1583; x_wconf 77' lang='lat' dir='ltr'>iijc</span> <span class='ocrx_word' id='word_1_162' title='bbox 1078 1535 1202 1582; x_wconf 75' lang='lat' dir='ltr'>lxxxiij</span> <span class='ocrx_word' id='word_1_163' title='bbox 1222 1536 1247 1570; x_wconf 70' lang='lat' dir='ltr'>ii</span> <span class='ocrx_word' id='word_1_164' title='bbox 1267 1549 1288 1571; x_wconf 81' lang='lat' dir='ltr'>v</span> <span class='ocrx_word' id='word_1_165' title='bbox 1306 1541 1321 1571; x_wconf 75' lang='grc' dir='ltr'>ἕ</span> <span class='ocrx_word' id='word_1_166' title='bbox 1338 1537 1370 1583; x_wconf 88' lang='lat' dir='ltr'>vj</span> <span class='ocrx_word' id='word_1_167' title='bbox 1390 1536 1424 1571; x_wconf 79' lang='lat' dir='ltr'>d.</span> 
     </span>
    </p>
   </div>
   <div class='ocr_carea' id='block_1_8' title="bbox 1484 1615 1664 1651">
    <p class='ocr_par' dir='ltr' id='par_1_9' title="bbox 1484 1615 1664 1651">
     <span class='ocr_line' id='line_1_21' title="bbox 1484 1615 1664 1651; baseline 0.006 -3"><span class='ocrx_word' id='word_1_168' title='bbox 1484 1625 1558 1648; x_wconf 71' lang='lat' dir='ltr'>Tenet</span> <span class='ocrx_word' id='word_1_169' title='bbox 1573 1615 1664 1651; x_wconf 71' lang='lat' dir='ltr'>Abd.</span> 
     </span>
    </p>
   </div>
   <div class='ocr_carea' id='block_1_9' title="bbox 713 1922 1273 1935">
    <p class='ocr_par' dir='ltr' id='par_1_10' title="bbox 713 1922 1273 1935">
     <span class='ocr_line' id='line_1_22' title="bbox 713 1922 1273 1935; baseline 0 0"><span class='ocrx_word' id='word_1_170' title='bbox 713 1922 1273 1935; x_wconf 95' lang='lat' dir='ltr'> </span> 
     </span>
    </p>
   </div>
  </div>
 </body>
</html>
