1861 2703
585 577 787 620 LIBER
824 576 1174 620 DORHRHLII

439 776 975 820 REGIS.thOB1
1031 775 1314 824 QUINTL

213 1023 295 1052 DIE
320 1022 447 1051 LUNE
480 1015 538 1049 xvi
571 1014 731 1061 Augusti.
795 1019 1047 1050 PANETRIA.
1091 1014 1208 1061 Empt’
1239 1027 1301 1062 pet·
1337 1014 1585 1050 Rotulatorem
1602 1027 1743 1051 Faulkiand.

157 1095 172 1140 j
203 1095 321 1130 celdra
349 1095 395 1141 iiij
430 1094 522 1128 bolle
558 1093 724 1140 frumentj
758 1092 903 1127 liberate
934 1091 1092 1126 Vl'altero
1123 1092 1205 1126 Scot
1234 1092 1350 1140 pistorj
1390 1106 1399 1126 s
1435 1094 1584 1140 pricium

162 1252 304 1298 dempta
322 1251 476 1285 multura
497 1265 507 1285 s
522 1251 572 1298 jffl
592 1250 638 1297 vj*⁷
657 1251 740 1284 lxxv
758 1262 865 1297 panes
884 1250 920 1283 in
939 1249 1117 1284 dominico
1142 1256 1176 1284 et
1194 1249 1346 1285 seeundo
1367 1265 1378 1285 s
1398 1252 1440 1286 de
1459 1253 1583 1298 quibus

161 1333 285 1375 oxpen'
305 1330 339 1363 in
360 1343 445 1363 cena
465 1335 515 1363 v*x
535 1329 568 1376 xj
588 1342 695 1376 panes
716 1342 726 1362 s
746 1334 781 1362 et
799 1327 841 1362 fic
861 1327 989 1362 restant
1016 1328 1059 1363 de
1086 1328 1147 1362 isto
1166 1329 1314 1364 introitu
1327 1329 1378 1376 jm
1396 1336 1429 1365 vc
1448 1331 1581 1379 lxxxiiij

158 1421 277 1455 panes.
331 1413 619 1443 BVTELARIA.
661 1407 779 1454 Empt’
798 1407 881 1454 xlvij
902 1407 1018 1453 lagine
1045 1406 1188 1442 ceruifie
1217 1408 1362 1443 taberne
1395 1423 1406 1443 s
1432 1410 1581 1456 pricium

158 1486 214 1532 xvj
235 1486 258 1520 d
287 1499 297 1519 s
326 1486 470 1520 Summa
488 1486 522 1532 iij
542 1487 564 1520 ii
586 1486 606 1532 ij
627 1490 641 1520 ἒ
660 1485 718 1532 viij
739 1486 762 1520 d
784 1498 791 1520 l
812 1485 855 1519 de
874 1484 999 1531 quibus
1018 1488 1142 1532 expen’
1162 1486 1255 1533 xxvij
1276 1486 1391 1533 lagine
1409 1487 1443 1534 iij
1458 1494 1580 1534 quarte

158 1563 298 1599 ceruifie
327 1578 337 1598 s
367 1569 400 1598 et
431 1562 474 1597 sic
505 1569 690 1597 remanent
720 1564 780 1597 xix
814 1563 931 1610 lagine
957 1565 971 1610 j
1004 1569 1128 1609 quarta
1158 1563 1310 1599 ceruifie.
1364 1572 1579 1608 COQUINA.

157 1643 275 1689 Empt’
304 1645 318 1689 j
350 1643 546 1688 carcagium
576 1647 687 1676 lnerte
717 1656 727 1675 Ι
755 1642 904 1688 pricium
936 1642 1042 1689 xxxiij
1065 1647 1080 1677 ἔ
1099 1656 1110 1677 t
1130 1648 1165 1677 et
1183 1642 1296 1678 restat.
1350 1643 1442 1679 Item
1474 1647 1580 1692 empt’

158 1804 191 1833 et
211 1799 334 1845 expen’
353 1798 398 1845 xij
420 1803 583 1832 mutones
603 1811 614 1832 s
634 1803 668 1832 et
686 1796 729 1832 sle
748 1797 878 1844 restatj
898 1804 997 1832 muto
1027 1812 1037 1832 s
1068 1798 1159 1833 Item
1178 1801 1284 1847 empt’
1303 1803 1361 1848 xxj
1377 1801 1463 1847 pullj
1483 1802 1580 1847 galli-

156 1889 280 1911 narum
301 1877 358 1923 viij
379 1881 394 1910 ἕ
412 1876 447 1909 ix
464 1876 488 1910 d
508 1889 519 1910 s
539 1889 562 1910 Χ
581 1876 697 1923 pultre
716 1876 748 1922 vj
769 1881 785 1911 ἔ
802 1876 860 1923 viij
880 1876 905 1911 d
924 1890 935 1910 l
955 1879 988 1923 vj
1009 1890 1158 1924 capones
1176 1878 1222 1925 xij
1243 1882 1258 1912 ἔ
1277 1892 1288 1912 l
1308 1879 1356 1925 iiij
1376 1880 1509 1925 pouttis
1528 1880 1549 1927 ij
1566 1885 1581 1914 ἔ

155 2033 176 2078 ij
198 2033 310 2080 capita
328 2033 477 2066 arietum
498 2032 554 2079 viij
575 2032 599 2067 d
620 2046 629 2067 s
650 2034 671 2080 ij
692 2046 796 2080 pecce
815 2033 891 2067 salis
910 2034 992 2081 xviij
1012 2034 1037 2069 d
1060 2048 1070 2068 s
1100 2037 1131 2082 vj
1152 2035 1238 2070 libre
1258 2035 1363 2083 butirj
1384 2035 1418 2083 iij
1438 2041 1453 2070 ἔ
1472 2037 1503 2084 vj
1523 2038 1547 2072 d
1567 2051 1577 2071 s

155 2117 203 2144 v¹⁸
224 2124 295 2145 oua
312 2111 333 2158 ij
354 2115 369 2145 ἔ
387 2111 418 2158 vj
441 2111 465 2145 d
483 2124 494 2144 s
514 2111 548 2144 in
568 2111 638 2158 pisa
656 2116 690 2145 et
709 2112 802 2158 cepis
819 2124 866 2145 xx
880 2112 904 2146 d
917 2126 928 2146 s
945 2118 978 2147 et
996 2126 1060 2160 pro
1074 2114 1225 2161 cariagio
1240 2115 1357 2149 auium
1373 2113 1575 2150 filuestrium

621 2268 764 2303 Summa
782 2282 876 2304 xxxv
894 2270 918 2304 ii
938 2269 969 2316 vj
989 2273 1005 2304 ἔ
1022 2270 1057 2304 ix
1074 2270 1108 2305 d.
