1861 2703
184 228 289 260 1528.
666 222 822 259 REGIS
847 223 1037 260 JACOBI
1064 225 1110 259 V.
1532 229 1600 261 183

182 321 306 369 expen'
332 318 515 355 successiue
546 332 558 353 t
589 324 708 366 preter
735 320 917 355 cuniculos
956 334 968 354 t
1009 321 1100 356 Item
1133 322 1175 356 de
1202 323 1402 369 preintratis
1434 336 1445 356 s
1474 324 1597 369 expen'

176 399 191 444 j
211 403 310 445 petra
337 397 358 444 ij
387 396 474 431 libre
492 395 597 443 butirj
629 409 640 430 t
665 396 681 443 J'
710 402 811 444 petra
828 397 873 443 vij
906 397 991 432 libre
1011 397 1084 446 calij
1107 412 1118 433 t
1137 405 1170 434 vE
1189 399 1225 434 lx
1245 413 1312 434 oua
1345 413 1353 434 l
1387 399 1422 447 ijc
1440 400 1475 433 xl
1494 412 1599 447 poma

181 480 216 509 et
232 474 309 521 pira
327 487 338 508 l
357 479 393 508 et
409 472 453 508 fic
471 472 598 508 restant
615 473 673 520 xxj
693 479 791 520 petre
810 488 832 508 x
850 474 937 510 libre
955 475 1060 523 butirj
1094 489 1102 511 1
1134 476 1168 523 iij
1190 482 1288 523 petre
1307 478 1365 524 xiij
1387 477 1474 511 libre
1493 476 1567 524 cafij
1586 491 1596 510 t

173 552 224 599 j‘o
242 552 288 586 ixc
306 551 401 599 xxiiij
422 564 490 587 oua
509 565 520 586 s
540 551 598 599 ijsO
616 552 687 599 viijc
705 565 776 586 xxx
794 565 898 599 poma
913 558 947 587 et
959 553 1035 600 pira
1054 570 1063 587 ι
1086 553 1178 588 Item
1198 554 1316 588 intrat’
1335 554 1392 601 viij
1413 555 1570 601 perdices
1586 569 1596 588 l

177 631 211 677 vj
238 635 358 665 anates
388 629 593 677 campestres
622 644 633 664 s
662 630 684 677 ij
715 631 806 677 cignJ'
836 643 898 677 per
930 631 1127 665 Dominum
1148 632 1322 666 Abbatem
1352 632 1395 666 de
1424 633 1538 667 scona
1557 634 1595 678 sj

176 708 299 754 cignus
320 721 330 742 Ι
345 710 359 755 j
380 721 465 743 auca
483 707 679 755 campestris
696 721 707 742 s
723 708 769 755 iiij
786 709 943 755 perdices
956 722 967 742 s
980 722 1050 743 xxv
1064 722 1146 743 aues
1160 710 1310 744 morales
1325 723 1387 757 per
1401 710 1596 744 Dominum

179 786 354 820 Abbatem
373 786 416 820 de
436 786 558 833 Cupro
589 800 601 821 l
628 788 642 832 j
670 787 792 832 cignus
818 799 881 833 per
913 786 1121 833 Magistrum
1151 787 1268 821 Adam
1288 787 1534 823 Vtterburnne
1556 790 1594 836 sj

176 877 267 911 pauo
285 876 347 911 per
368 864 564 899 Dominum
584 864 627 898 de
648 864 832 899 Innerleth
853 877 863 898 l
878 864 892 910 j
909 865 1031 910 cignus
1049 864 1151 898 viuus
1168 877 1231 911 per
1247 864 1443 899 Dominum
1459 866 1567 913 Burly
1584 881 1594 900 s

176 950 210 977 et
230 944 354 990 expen’
372 941 565 977 successiue.

671 1019 814 1055 Summa
827 1020 855 1067 jc
873 1019 896 1067 lj
915 1020 940 1055 ii
959 1020 980 1067 ij
1000 1024 1015 1054 ἔ
1033 1019 1053 1067 ij
1073 1020 1107 1055 d.

224 1184 306 1213 DIE
330 1183 566 1213 DOMINICO
598 1177 707 1211 tercio
739 1176 909 1212 Januarii.
980 1184 1227 1214 PANETRIA.
1276 1178 1334 1213 De
1364 1179 1565 1225 preintratis
1584 1194 1595 1213 l

175 1256 299 1302 expcn'
313 1257 340 1302 jc
358 1255 452 1301 xxiiij
472 1267 579 1302 panes
597 1255 689 1302 apud
710 1254 919 1301 Edinburgh
938 1256 973 1289 in
992 1257 1140 1303 prandio
1160 1270 1171 1291 l
1192 1262 1226 1291 et
1243 1255 1287 1290 fic
1316 1256 1444 1291 restant
1462 1257 1542 1303 vij‘O
1561 1258 1594 1303 ij

173 1333 257 1380 xxxj
287 1345 394 1380 panes
424 1333 516 1381 apud
548 1332 769 1379 Edinburgh.
836 1340 1123 1370 BUTELARIA.
1174 1334 1311 1381 Expen'
1344 1335 1450 1382 xxxvj
1480 1335 1594 1381 lagine

174 1412 314 1447 ceruifie
334 1426 345 1447 t
366 1417 400 1446 et
417 1411 460 1446 fic
479 1411 607 1446 restant
624 1412 685 1458 iiijC
704 1424 775 1445 xxx
804 1411 919 1458 lagine
949 1412 983 1459 iij
1016 1418 1139 1458 quarte
1169 1412 1321 1447 ceruifie.
1374 1419 1592 1455 COQUINA.

174 1491 232 1526 De
249 1491 450 1538 preintratis
469 1491 593 1537 expen'
612 1490 647 1536 iij
667 1495 779 1524 merte
804 1490 818 1537 j
852 1496 975 1536 quarta
994 1504 1004 1525 s
1024 1491 1081 1538 viij
1113 1497 1276 1525 mutones
1302 1490 1349 1538 ijz}
1379 1497 1502 1537 quarte
1521 1504 1594 1525 niu-

172 1570 263 1605 tonis
291 1583 302 1604 s
332 1569 422 1603 Item
442 1569 548 1615 empt’
566 1568 624 1614 viij
644 1573 807 1602 mutones
825 1568 884 1602 xlv
902 1572 917 1602 ἔ
935 1569 992 1616 viij
1012 1569 1035 1604 d
1065 1582 1073 1603 l
1107 1575 1142 1603 et
1167 1567 1211 1604 fic
1229 1569 1357 1603 restant
1374 1570 1467 1616 apud
1487 1569 1594 1603 Edin-

171 1648 283 1695 burgh
301 1660 396 1682 xxxv
414 1652 525 1682 merte
543 1646 566 1694 ὲ
584 1652 708 1692 quarta
727 1660 738 1681 s
757 1646 789 1694 xj
806 1652 969 1681 mutones
988 1647 1008 1694 ij
1029 1652 1152 1693 quarte
1173 1661 1184 1681 l
1205 1647 1295 1682 Item
1315 1649 1422 1694 empt'
1440 1647 1472 1694 vj
1493 1659 1594 1694 capo-

169 1740 231 1762 nes
250 1740 261 1761 l
280 1726 299 1773 ij
329 1738 478 1773 capones
495 1724 576 1772 pastj
598 1738 609 1759 s
629 1724 649 1772 ij
670 1724 786 1772 pultre
809 1737 816 1760 l
838 1725 871 1772 iij
891 1725 1190 1772 pulligallinarum
1211 1739 1222 1760 t
1250 1725 1371 1772 xxxiiij
1403 1726 1554 1772 cuniculj
1578 1740 1588 1759 l

169 1806 216 1852 iiij
236 1804 397 1852 pluuiarij
422 1804 459 1851 [j
480 1804 603 1851 perdix
623 1816 634 1837 l
654 1804 689 1837 ix
706 1803 928 1838 redl'chankis
948 1817 958 1838 t
978 1804 1062 1851 varij
1079 1804 1184 1851 precij
1207 1817 1218 1838 s
1239 1804 1382 1838 Summa
1399 1804 1431 1850 vj
1446 1804 1471 1838 ii
1490 1806 1522 1851 vj
1537 1804 1561 1838 d
1576 1818 1587 1838 s

170 1891 204 1917 et
232 1884 356 1930 expen'
385 1896 395 1916 Ι
424 1882 516 1916 Item
548 1882 590 1916 de
620 1882 823 1928 preintratis
852 1883 976 1929 expen'
994 1882 1051 1929 viij
1071 1882 1158 1916 libre
1176 1882 1281 1929 butirj
1304 1895 1315 1916 l
1334 1882 1355 1928 ij
1376 1882 1462 1916 libre
1483 1881 1556 1929 cafij
1575 1896 1585 1916 s

169 1961 202 1994 xl
222 1973 326 2007 poma
345 1973 356 1994 s
375 1965 409 1994 et
427 1958 470 1994 fic
500 1959 629 1994 restant
657 1959 704 2006 xij
733 1965 832 2006 petre
850 1960 896 2005 xij
916 1959 1004 1994 libre
1023 1959 1127 2006 butirj
1150 1973 1160 1993 s
1176 1960 1197 2006 ij
1217 1966 1316 2007 petre
1335 1959 1356 2007 ij
1377 1959 1463 1994 libre
1482 1958 1556 2007 cafij
1574 1974 1584 1993 l

162 2038 212 2084 j‘0
230 2038 360 2085 xxxviij
381 2050 485 2085 poma
503 2043 537 2072 et
556 2037 640 2084 pira.

218 2199 387 2230 EODEM
412 2192 505 2227 DIE.
558 2192 736 2227 Dominus
766 2193 845 2228 Rex
876 2206 887 2227 s
916 2193 1016 2228 finito
1047 2194 1194 2241 prandio
1227 2208 1237 2228 s
1270 2194 1438 2241 equitauit
1469 2194 1584 2229 versus

168 2272 372 2318 Linlithqw.
426 2278 674 2308 PANETRIA.
715 2271 834 2319 Empt’
847 2271 875 2318 j‘
892 2272 1013 2319 xxxiiij
1040 2285 1147 2319 panes
1166 2272 1306 2308 venales
1324 2272 1417 2319 xxvij
1438 2276 1452 2307 ἒ
1471 2272 1517 2318 iiij
1536 2272 1560 2306 d
1573 2286 1583 2306 s
1605 2283 1740 2314 Linumqw.
