1861 2703
75 573 222 603 Edinburgh.

78 1040 201 1063 Fdlkland.

79 1430 183 1460 Stirling.

77 1499 221 1520 Dunbertan.

82 1637 184 1663 stirling.

85 1960 103 1981 F
106 1960 226 1983 aulkland.

83 2026 187 2055 stix-ling.

288 272 333 302 tt
862 267 1141 304 APPENDIX.
1597 273 1700 304 1533.

327 365 395 394 Dm
414 365 529 394 Ssnorr
546 366 577 394 ix
597 365 740 406 Augusti.
789 365 893 396 Intrat’
909 366 929 405 ij
947 365 1045 395 celdre
1061 366 1112 406 viij
1131 365 1210 395 bolle
1235 364 1256 405 ij
1281 375 1372 406 peece
1398 365 1540 395 frumenti
1564 365 1648 396 firme
1663 367 1700 395 de

287 431 439 472 Culfergy
455 431 485 460 in
504 430 686 471 Abirnethy.

328 497 394 526 Dm
411 496 429 526 J
434 506 509 526 ouis
526 497 590 526 xiiii
609 496 753 537 Augusti.
803 497 915 536 Viyz'lz'a
931 497 1152 537 Assmnptionis
1167 497 1271 527 Μανιέ
1291 497 1433 537 Viryim‘s.

327 563 396 592 Dm
414 563 531 592 SABorr
547 562 599 592 xvi
619 562 763 603 Augusti.
811 561 912 593 Hodie
936 561 1087 593 Dominus
1107 562 1176 593 Rex
1190 562 1340 603 equitauit
1355 562 1392 593 de
1410 562 1581 594 Faulkland
1598 575 1701 595 versus

292 628 483 670 Edinburgh.

330 695 472 736 Expense
483 695 609 725 Domini
623 694 717 736 Regis
730 693 912 724 remanentis
925 693 970 735 [in
986 692 1150 735 Falkland]
1165 693 1369 724 aduodecimo
1385 693 1547 737 [octauo⁴?]
1565 695 1700 736 Augusti

286 761 431 791 inclusiue
447 772 541 802 vsque
556 761 635 791 diem
660 759 764 791 Saboti
787 759 997 801 precedentem
1018 758 1050 789 in
1076 758 1202 801 prandio
1225 759 1316 790 etlam
1346 759 1506 791 inclusiue.
1553 759 1656 802 Empt'
1672 760 1703 791 in

286 827 425 868 panibus,
443 827 578 863 ceruisia,
595 827 708 864 mertis,
734 826 920 863 mutonibus,
945 824 1120 866 caponibus,
1138 824 1266 866 pultriis‚
1284 825 1476 862 carbonibus,
1504 825 1647 863 candelis,
1671 833 1703 857 et

286 893 425 924 omnibus
439 893 506 924 aliis
520 893 644 923 minutis
659 892 811 934 expensis,
836 898 868 922 vt
884 897 969 933 patet
994 890 1026 920 in
1051 889 1158 921 cedula
1183 889 1331 921 dictarum
1357 901 1558 932 expensarum
1584 897 1705 923 ostensa

286 971 376 1001 super
393 959 589 1001 Compotum,
606 959 702 1000 xxxiij
719 958 742 989 ti
757 969 778 988 x
793 961 805 988 ἐ
821 958 851 998 xj
868 959 898 988 d.

329 1025 398 1055 Dus
414 1024 436 1055 J
439 1036 508 1056 oms
523 1025 577 1055 xxi
595 1024 741 1066 Augusti.

330 1092 396 1121 Dm
414 1092 585 1122 Mencmm
601 1091 688 1122 xxvii
706 1090 852 1132 Augusti.
884 1090 1027 1131 Expense
1039 1088 1166 1119 Domini
1182 1088 1278 1130 Regis
1290 1089 1473 1120 remanentis
1483 1100 1502 1120 a
1520 1088 1597 1131 [die]
1616 1089 1703 1120 Jouis

288 1157 355 1198 xxj⁰
372 1158 506 1199 Augusti
520 1157 667 1188 inclusiue
682 1157 714 1187 in
730 1167 804 1187 cena
819 1155 899 1197 apud
917 1155 942 1185 F
943 1153 1067 1186 alkland
1082 1165 1179 1195 vsque
1201 1153 1281 1184 diem
1306 1153 1394 1185 Jouis
1419 1159 1598 1195 sequentem
1614 1154 1705 1186 etiam

287 1225 316 1254 in
334 1223 458 1265 prandio
473 1222 631 1254 inclusiue.
678 1222 782 1264 Empt’
797 1222 829 1252 in
844 1220 984 1263 panibus,
1012 1220 1148 1257 ceruisia‚
1173 1220 1288 1257 mertis,
1315 1219 1504 1257 mutonibus,
1529 1219 1706 1261 caponibus,

289 1289 479 1326 carbonibus,
497 1289 638 1326 candelis,
663 1294 693 1320 et
708 1287 849 1318 omnibus
864 1286 929 1318 aliis
945 1285 1069 1316 minutis
1083 1285 1235 1326 expensis,
1258 1291 1292 1316 vt
1313 1290 1398 1327 patet
1423 1285 1454 1316 in
1483 1284 1602 1317 Cedula
1615 1285 1709 1317 dicta-

289 1367 354 1386 rum
370 1365 570 1397 expensarum
585 1360 705 1385 ostensa
719 1364 810 1395 super
828 1352 1025 1394 Compotum‚
1048 1351 1102 1393 xxj
1118 1351 1141 1382 fi
1156 1362 1176 1382 x
1192 1354 1205 1381 ἓ
1220 1351 1272 1393 viij
1287 1353 1317 1381 d.

336 1421 403 1452 Dm
421 1421 519 1451 JOUIS
534 1420 630 1451 xxviii
648 1419 793 1461 Augusti.

333 1488 400 1517 Dm
421 1487 545 1517 SABOTI
562 1497 627 1516 xxx
645 1485 789 1527 Augusti.
836 1484 938 1516 Hodie
954 1482 1106 1514 Dominus
1125 1482 1194 1514 Rex
1217 1482 1366 1525 equitauit
1393 1482 1430 1513 de
1462 1482 1589 1524 Stirling
1607 1493 1709 1514 versus

291 1556 482 1591 Dunbertan‚
508 1553 621 1584 familia
636 1557 810 1583 remanente
825 1551 855 1581 in
875 1550 1013 1591 Stirling.

336 1622 401 1651 Dm
421 1620 602 1650 Donnmco
618 1617 693 1648 xxxi
711 1617 852 1658 Augusti.

607 1683 731 1714 Summa
747 1681 848 1713 totalis
863 1681 975 1712 mensis
994 1680 1125 1721 Augusti
1141 1680 1173 1720 ijo
1186 1680 1209 1709 ii
1224 1680 1264 1720 xij
1283 1683 1294 1708 ἐ
1310 1679 1340 1709 ix
1356 1681 1385 1709 d.

1373 1754 1456 1779 Tenet.

335 1820 403 1850 Dm
419 1820 513 1850 ,Iouis
528 1817 572 1848 iiii
588 1816 783 1858 Septembris.
832 1814 919 1856 Rege
934 1813 1062 1845 absenti.

336 1887 403 1917 Dm
419 1885 552 1915 Mnus
567 1883 600 1913 ix
619 1881 815 1924 Septembris.
863 1880 951 1921 Rege
966 1878 1096 1915 absenti,
1112 1883 1179 1908 tota
1193 1876 1307 1907 familia
1323 1882 1497 1908 remanente
1514 1876 1543 1907 in
1561 1876 1697 1917 Stirling.

334 1953 403 1983 Dm
422 1951 575 1982 Venatus
590 1949 633 1980 xii
650 1946 846 1990 Septembris.
894 1945 1011 1987 Expen’
1026 1943 1108 1985 apud
1126 1942 1296 1974 Faulkland
1312 1941 1356 1983 iij⁰
1370 1953 1473 1984 paneS.

336 2019 404 2050 Dm
418 2018 440 2048 ,J
443 2026 514 2048 oms
528 2015 603 2047 xviii
622 2013 821 2056 Septembris.

338 2084 407 2115 Dm
426 2083 580 2114 anmus
595 2080 670 2112 xxvi
686 2078 883 2121 Septembris.
927 2077 947 2118 ij
964 2076 1070 2107 barilia
1092 2075 1220 2106 allecum
1238 2074 1337 2105 Maris
1356 2074 1519 2106 Orientalis
1534 2074 1660 2105 liberata
1683 2081 1712 2104 et

295 2150 455 2181 distributa
471 2147 663 2189 pauperibus.

339 2215 406 2246 Dm
421 2215 602 2244 Dommlco
618 2211 714 2243 xxviii
731 2209 926 2252 Septembris.
975 2208 1053 2239 Item
1068 2206 1227 2238 distribute
1239 2206 1366 2236 diuersis
1381 2204 1515 2246 personis
1530 2211 1559 2235 et
1575 2204 1713 2245 pauperi-

295 2283 352 2312 bus
367 2286 490 2322 propter
504 2283 687 2310 vetustatem
703 2282 734 2308 et
749 2275 954 2311 acerbitatem,
983 2280 1014 2305 et
1035 2283 1090 2315 pro
1105 2277 1191 2304 aceto
1208 2270 1355 2307 faciendo,
1380 2276 1410 2300 et
1438 2269 1568 2300 fractura
1582 2269 1613 2300 in
1628 2269 1713 2300 naui-

296 2348 382 2383 culis,
405 2345 530 2385 lxxxviij
547 2343 649 2385 lagine
664 2341 788 2373 ceruisie
804 2347 835 2371 et
849 2340 931 2371 birri.
