1861 2703
290 291 360 323 <234
748 283 906 318 LIBER
934 282 1212 319 DOMICILII
1605 284 1708 316 1533.

293 384 394 431 vitulj
416 382 529 429 magnj
552 381 582 429 vj
602 381 626 416 ii
647 381 685 428 [j
706 393 788 428 aper
812 380 845 427 iij
868 380 893 414 fi
913 381 933 427 ij
953 383 968 414 ἕ
988 393 998 413 Ι
1018 379 1050 426 xj
1072 379 1151 425 agnj
1173 378 1303 425 xxxviij
1324 382 1339 412 ἒ
1371 391 1381 411 s
1411 391 1457 412 xv
1483 377 1562 424 hedj
1583 377 1676 424 xxxij
1700 381 1714 411 S

295 463 326 509 vj
347 463 371 497 d
390 475 400 495 Ι
419 462 453 495 ix
473 460 568 508 porej
598 459 644 506 iiij
664 459 690 493 ii
709 459 755 505 xij
775 458 799 493 d
830 471 840 492 s
872 457 930 505 xiij
959 458 1079 503 lingue
1110 457 1240 491 bouine
1257 456 1315 502 viij
1335 460 1351 490 ἓ
1371 455 1428 502 viij
1446 455 1471 490 d
1490 468 1500 489 l
1521 455 1542 502 ij
1562 461 1660 502 petre
1679 455 1711 501 vj

297 541 383 574 libre
401 541 474 586 cepj
495 540 554 573 xix
572 543 586 572 ἔ
609 551 620 572 l
638 539 672 584 xj
693 543 857 571 mutones
876 536 910 582 iij
930 535 954 570 ii
973 548 1019 569 xv
1038 538 1054 568 ἔ
1085 548 1096 569 l
1128 535 1164 568 in
1194 533 1341 581 pedibus
1371 533 1508 567 bouinis
1526 533 1595 579 xxij
1616 538 1630 567 ἓ
1650 546 1661 567 t
1680 540 1713 567 et

301 619 425 665 expen'
443 617 463 664 ij
484 622 648 651 mutones
667 615 723 661 iij}
743 619 865 660 quarte
901 626 911 647 1
946 619 981 647 et
1010 611 1054 647 fic
1083 612 1212 647 restant
1245 611 1303 658 viij
1325 617 1487 645 mutones
1517 614 1536 652 ὲ
1566 617 1714 657 quartas

301 775 358 822 xxj
378 785 527 821 capones
547 786 558 807 s
579 773 624 818 iiij
654 783 804 818 capones
829 769 911 817 pastj
934 782 945 804 s
964 769 1095 816 xxxviij
1114 768 1278 816 pluuiarij
1300 781 1311 803 l
1330 768 1352 814 ij
1372 767 1595 803 conturniees
1614 780 1626 801 l
1645 767 1715 813 xiiij

304 853 426 899 ciconij
457 869 467 885 l
497 851 540 897 vij
573 850 676 898 snipis
709 863 719 883 s
751 849 810 895 viij
844 848 930 895 pullj
968 847 1214 882 cuniculorum
1251 860 1262 880 l
1298 845 1382 893 lxiiij
1416 858 1498 880 aues
1537 845 1687 880 morales
1707 859 1718 879 l

304 933 325 978 ij
354 930 504 977 cuniculj
537 942 547 963 s
578 930 623 975 vij
655 928 736 975 gallj
769 927 859 973 nigrj
891 940 902 960 s
935 931 968 960 vc
999 931 1050 960 vxx
1079 938 1147 960 oua
1177 938 1188 958 t
1220 924 1256 958 in
1287 923 1396 958 ordeo
1427 929 1462 958 et
1492 924 1587 958 caseo
1620 936 1628 958 l
1662 937 1719 958 va-

307 1009 346 1056 rij
379 1007 483 1055 precij
514 1020 524 1040 l
554 1006 698 1040 Summa
728 1005 762 1038 ix
789 1005 814 1038 Ῐί
847 1004 915 1051 xvij
936 1008 951 1038 ἔ
977 1003 1008 1050 vj
1028 1002 1052 1038 d
1084 1016 1094 1036 s
1127 1007 1162 1036 et
1193 1001 1317 1048 expen'
1345 1014 1356 1035 l
1385 1000 1476 1036 Item
1509 1001 1626 1035 intrat’
1657 1014 1718 1048 per

309 1086 505 1120 Dominum
533 1084 575 1117 de
608 1083 726 1129 Ergile
754 1082 773 1128 ij
803 1082 870 1116 rais
899 1095 910 1115 t
939 1093 1000 1128 pei·
1020 1080 1216 1114 Dominum
1238 1079 1414 1113 Abbatem
1445 1078 1487 1112 de
1520 1077 1722 1113 Lundouris

303 1168 316 1212 j
348 1177 431 1211 grus
463 1177 473 1197 t
505 1163 526 1209 ij
559 1174 644 1196 auce
675 1159 879 1207 campestres
911 1173 921 1193 s
954 1164 988 1193 et
1019 1158 1143 1205 expen’
1173 1155 1356 1192 succeffiue
1389 1170 1399 1190 s
1429 1156 1520 1191 Item
1553 1158 1670 1190 intrat’
1697 1157 1725 1203 j‘

312 1243 417 1289 xxxiij
437 1253 586 1288 capones
607 1254 617 1273 t
637 1239 682 1286 vij
703 1239 820 1286 pultre
838 1251 923 1273 cane
955 1237 997 1271 de
1029 1236 1098 1270 Fiff
1121 1249 1132 1270 t
1160 1242 1194 1270 et
1217 1236 1340 1283 expen’
1359 1234 1441 1282 piste
1474 1248 1485 1269 l
1514 1235 1614 1269 οοὸῗθ
1651 1247 1658 1269 s
1693 1242 1727 1268 et

311 1320 413 1356 affiite
431 1317 625 1354 suceefliue.

793 1395 936 1429 Summa
947 1394 975 1441 jc
993 1394 1026 1440 xj
1045 1393 1071 1428 ii
1088 1405 1111 1427 x
1128 1397 1143 1426 ἓ
1161 1392 1192 1439 vj
1213 1392 1247 1426 d.

364 1561 446 1590 DIE
472 1559 647 1589 MARTIS
665 1565 687 1586 x
706 1552 815 1587 Junii.
867 1555 1122 1586 PANETRIA.
1161 1548 1296 1595 Expen'
1311 1550 1338 1595 j‘
1357 1559 1450 1581 xxxv
1468 1559 1574 1594 panes
1598 1561 1609 1581 s
1635 1547 1725 1582 Item

318 1633 439 1667 reli'Goe
458 1631 551 1678 apud
576 1630 712 1664 Melms
740 1630 775 1677 ijc
807 1642 913 1676 panes
941 1641 1006 1675 pro
1037 1627 1184 1662 totidem
1215 1626 1362 1673 panibus
1392 1625 1611 1660 restituendis
1643 1626 1726 1661 dum

317 1711 455 1745 uenerit
474 1709 651 1743 Dominus
672 1708 751 1742 Rex
769 1707 897 1742 ibidem
926 1719 936 1740 J
965 1707 1108 1741 Summa
1127 1705 1174 1752 iijc
1193 1717 1290 1739 xxxv
1307 1716 1414 1751 panes
1443 1717 1453 1738 s
1484 1710 1518 1738 et
1540 1702 1583 1739 sie
1602 1704 1727 1738 restant

319 1789 377 1835 ijss‘
396 1788 429 1834 ij⁰
448 1788 517 1834 xlvj
537 1800 655 1834 panes.
707 1790 990 1821 BUTELARIA.
1035 1784 1172 1831 Expen'
1199 1783 1332 1830 xxxviij
1365 1783 1480 1829 lagine
1507 1781 1646 1817 ceruifie
1666 1796 1677 1817 s
1697 1788 1729 1817 et

320 1867 363 1901 lic
381 1866 527 1900 allocate
557 1863 731 1910 brafiatorj
765 1864 800 1897 in
835 1863 879 1896 lie
910 1862 1039 1897 lechatt
1070 1861 1274 1907 remigando
1294 1861 1386 1895 inter
1404 1859 1496 1894 Leth
1527 1865 1562 1895 et
1589 1859 1733 1905 Stirling

323 1946 358 1979 in
372 1945 399 1992 jc
418 1944 500 1978 xxix
519 1942 685 1977 barilibus
704 1939 843 1976 ceruilie
861 1941 981 1988 xxxvij
1001 1940 1116 1986 lagine
1128 1939 1143 1986 j
1163 1944 1287 1985 quarta
1306 1937 1446 1973 ceruifie
1467 1952 1477 1972 l
1497 1943 1532 1972 et
1547 1936 1591 1972 fic
1609 1937 1733 1973 restant

324 2023 382 2069 vijc
399 2022 484 2068 lxiiij
504 2021 647 2068 laginej
667 2026 790 2066 quarta
816 2018 956 2053 ceruilie
985 2031 996 2052 t
1026 2017 1116 2052 Item
1145 2017 1272 2052 intrate
1301 2029 1362 2063 per
1393 2016 1544 2051 Kincaid
1572 2015 1732 2051 brafiato-

326 2113 398 2135 rem
418 2100 449 2146 vj
470 2099 585 2133 celdre
604 2099 650 2145 xij
670 2098 762 2132 bolle
794 2097 890 2144 ordej
918 2097 1017 2130 firme
1051 2096 1093 2130 de
1126 2095 1195 2129 Fiff
1223 2109 1233 2129 s
1267 2096 1309 2129 de
1340 2095 1464 2141 quibus
1494 2101 1735 2141 prouenerunt

327 2180 362 2212 in
381 2176 523 2211 ceruifia
540 2176 611 2223 viijc
629 2176 743 2222 lagine
763 2173 903 2210 ceruisie
924 2188 935 2208 l
956 2180 991 2209 et
1008 2173 1051 2208 fic
1069 2173 1196 2208 restant
1215 2173 1250 2207 in
1269 2179 1344 2208 toto
1370 2174 1420 2220 jffl
1451 2179 1483 2207 vc
1510 2172 1594 2220 lxiiij
1622 2173 1735 2219 lagine

324 2260 480 2303 Jquarta
510 2252 662 2288 ceruifie.
714 2259 934 2295 COQUINA.
975 2252 1111 2299 Expen’
1136 2254 1150 2298 j
1181 2257 1292 2286 merta
1319 2251 1353 2298 iij
1384 2258 1505 2297 quarte
1535 2250 1738 2286 Orchaden-

332 2333 369 2366 lis
390 2346 400 2365 l
421 2338 453 2366 et
473 2331 513 2365 fic
533 2331 659 2366 restant
689 2331 724 2365 ix
755 2336 864 2364 inerte
885 2328 1127 2365 Orchadenses
1155 2343 1166 2363 s
1196 2329 1285 2364 Item
1308 2330 1435 2364 intrato.
1467 2329 1510 2375 vij
1544 2334 1652 2362 mette
1672 2328 1737 2375 iij}
