1861 2703
96 439 234 469 Linlixhqw.

98 506 231 536 Striueling.

100 960 243 983 Newbottill.

101 1096 184 1117 Pcblis.

99 1162 239 1184 Crammald.

100 1229 187 1252 Peblis.

102 1295 250 1324 Edinburgb.

105 1616 213 1639 sttiuelin
216 1623 239 1643 g.

290 268 336 298 24
858 260 1140 297 APPENDIX.
1591 265 1697 300 15029.

330 360 395 389 Die
413 360 592 390 Domnco
611 370 627 388 v
648 359 844 401 Septembris.
892 357 1018 399 Empt'j
1036 369 1110 388 auca
1126 358 1310 399 campestris.

333 426 400 456 Dm
419 425 516 455 LUNE
534 425 562 455 vi
583 425 779 466 Septembris.

333 492 398 521 Dm
420 491 552 520 Murus
570 490 609 520 vii
629 490 825 531 Septembris.
867 490 978 528 l'iqilia
993 490 1177 519 Natiuitatis
1191 491 1286 520 Beate
1298 490 1400 520 stlarz'e
1415 491 1555 529 P'irqinis.

331 558 398 587 Du:
413 557 506 586 Joms
530 556 560 585 ix
591 556 788 597 Septembris.
834 555 884 585 De
908 555 927 596 ij
952 555 1054 585 mertis
1080 554 1111 595 iij
1140 555 1254 595 quartis
1280 562 1374 585 merte
1400 555 1477 586 salse
1501 556 1608 586 restan‘
1625 555 1705 596 xxij„

291 623 423 664 Augusti
439 623 593 653 deliberat'
613 622 778 659 Fratribus,
806 629 836 652 et
851 621 894 651 sie
909 632 987 662 eque
1001 621 1032 650 in
1048 620 1215 651 elemozina
1234 620 1338 661 Regis.
1387 620 1488 661 Empt’
1506 632 1558 661 per
1576 621 1705 651 Rotula-

287 697 382 720 torem
398 689 482 729 xxiiij
501 696 594 719 merte
617 699 685 719 cum
709 688 810 718 corriis
836 688 933 718 locate
960 687 990 716 in
1019 686 1197 716 Lardinaria
1223 686 1259 716 de
1290 686 1457 727 Striueling
1472 686 1563 727 precii
1579 686 1703 727 equalis,

294 758 418 786 Summa
434 755 484 785 xlv
504 754 526 784 ii
541 755 582 795 xij
600 758 622 785 ἕ.

336 822 401 851 Du:
429 821 546 851 Smon
573 820 604 850 xi
636 820 833 861 Septembris.
890 819 993 860 Empt’
1022 819 1053 859 iij
1080 819 1217 849 mulones
1246 819 1318 855 corf,
1354 819 1386 859 ij‘
1412 818 1443 848 lx
1466 818 1601 859 pectines
1629 830 1707 859 aque

288 887 413 918 marine.

335 953 401 983 Dm
422 953 520 983 chiz
538 953 590 982 xiii
613 952 809 993 Septembris.
857 951 958 981 Hodie
977 951 1129 981 Dominus
1148 951 1216 981 Rex
1243 950 1390 991 equitauit
1405 950 1442 980 de
1462 950 1628 991 Striueling
1644 961 1708 980 ver-

291 1030 341 1049 sus
359 1018 549 1048 Nevcbottill.

335 1151 401 1180 Dm
420 1150 547 1180 Mssiict*
555 1160 600 1179 1111
618 1160 657 1179 xv
679 1148 876 1189 Septembris.
921 1149 1075 1178 Jeiunz'nm
1091 1150 1160 1177 ι’ίίίοΓ
1178 1153 1348 1188 temporum.

338 1218 403 1246 Du:
421 1217 514 1245 Jours
531 1216 582 1245 xvi
602 1214 797 1256 Septembris.

338 1284 405 1313 DIE
423 1283 566 1312 VENEius
583 1281 646 1311 xvii
666 1280 861 1321 Septembris.
909 1280 1011 1310 Hodie
1027 1279 1180 1309 Dominus
1200 1279 1268 1309 Rex
1291 1280 1440 1320 equitauit
1463 1280 1498 1310 de
1527 1280 1628 1310 Peblis
1645 1291 1710 1310 ver-

293 1361 343 1379 sus
364 1347 554 1388 Edinburgli.

336 1416 405 1444 Du:
425 1416 542 1445 §.mon
558 1414 631 1443 xviii
649 1413 846 1454 Septembris.
897 1412 999 1454 Empt'
1016 1411 1065 1452 viij
1084 1412 1192 1452 canei-j.

338 1482 403 1511 Die
420 1481 599 1510 DoMlNlco
613 1479 665 1508 xix
678 1478 873 1519 Septembris.
923 1478 1025 1519 Empt'
1037 1479 1064 1519 vj
1077 1490 1150 1509 auce
1162 1478 1334 1514 domestice,
1347 1479 1375 1519 vj
1390 1478 1614 1518 redsebankis,j
1628 1490 1709 1509 anas.

337 1548 405 1578 DIE
426 1547 523 1576 Lux-u
541 1557 582 1575 xx
600 1544 796 1586 Septembris.
843 1544 946 1574 Hodie
964 1543 1117 1574 Dominus
1148 1544 1216 1575 Rex
1233 1544 1380 1584 equitauit
1395 1544 1432 1574 de
1451 1544 1630 1585 Edinburgh
1647 1556 1711 1574 ver-

295 1625 344 1644 sus
362 1614 536 1652 Striueling.

338 1680 406 1709 Drr:
424 1679 599 1708 Mmcnnu
616 1677 678 1707 xxii
698 1676 893 1717 Septembris.
943 1676 1044 1717 Empt'
1061 1676 1089 1716 iij
1108 1676 1250 1717 kipperis.

339 1747 404 1775 Du:
420 1746 519 1775 ‚Joms
536 1744 611 1774 xxiii
639 1742 834 1783 Septembris.
882 1742 984 1783 Empt’
1008 1742 1026 1783 ij
1052 1742 1159 1778 celclre,
1185 1741 1226 1782 xij
1244 1742 1322 1771 bolle
1348 1742 1499 1777 frumenti,
1525 1741 1609 1782 prieii
1625 1743 1707 1778 varii,

299 1814 423 1842 Summa
438 1812 447 1840 l
462 1811 485 1840 ti
501 1811 550 1850 xvj
568 1813 590 1845 Ξ,
615 1809 652 1839 de
668 1809 777 1849 quibus
794 1808 966 1849 nauigando
989 1808 1067 1837 inter
1092 1807 1170 1837 Loth
1194 1813 1223 1837 et
1247 1814 1367 1848 portum
1399 1807 1509 1837 Sancte
1536 1807 1710 1847 Mergarete

298 1890 335 1909 ex
352 1888 464 1918 magno
480 1882 570 1906 vento
587 1887 624 1905 ex
641 1880 724 1916 parte
745 1874 857 1904 boreali
883 1873 962 1914 apud
989 1872 1140 1903 Abirdour
1164 1872 1259 1912 ejecte
1283 1879 1312 1902 et
1336 1872 1495 1903 distribute
1518 1873 1549 1902 in
1576 1884 1657 1903 mare
1680 1874 1710 1903 ix

299 1944 379 1974 bolle
395 1942 537 1973 frumenti
554 1948 587 1972 ut
603 1941 709 1972 asserit
728 1940 829 1970 Pistor
846 1940 917 1970 Seot
932 1949 1020 1980 super
1045 1939 1231 1979 Compotum
1255 1944 1343 1978 prout
1368 1937 1456 1968 fidem
1481 1938 1560 1969 fecit.
1608 1939 1710 1979 Empt’

300 2011 344 2050 iijc
359 2010 435 2039 lxxx
450 2009 549 2048 lagine
566 2007 700 2043 ceruisie,
718 2006 844 2047 prieium
862 2016 902 2034 xx
919 2007 948 2042 d,
973 2005 1101 2035 brasiate
1124 2005 1153 2034 in
1181 2003 1261 2034 Leth
1278 2011 1308 2034 et
1324 2004 1412 2034 misse
1428 2015 1530 2034 versus
1547 2005 1712 2045 Striueling

296 2077 327 2106 in
345 2075 494 2110 nauicula,
524 2074 649 2103 Summa
676 2073 771 2112 xxxvj
787 2070 810 2101 ti
827 2072 880 2112 xiij
898 2076 909 2101 Ξ
926 2071 966 2112 iiij
984 2073 1013 2105 d,
1036 2070 1072 2100 de
1100 2070 1209 2111 quibus
1225 2071 1321 2110 ejecte
1337 2076 1421 2100 extra
1437 2070 1607 2100 nauiculam
1623 2071 1711 2101 simili

299 2141 387 2171 modo
403 2142 435 2171 lx
450 2141 551 2181 lagine
566 2140 702 2171 ceruisie.
750 2139 851 2180 Empt'
869 2138 953 2178 xxiiij
970 2136 1087 2168 alaude.

345 2208 412 2238 Dm
429 2207 546 2236 SABorr
561 2217 624 2236 xxv
643 2205 840 2247 Septembris.
888 2203 990 2245 Empt’
1006 2202 1026 2243 ij
1044 2201 1244 2242 lampereillis.

344 2274 411 2303 D1E
430 2273 610 2303 DOMINlco
628 2271 701 2301 xxvi
721 2270 916 2312 Septembris.
965 2268 1093 2310 Empt'j
1111 2267 1210 2298 celdra
1225 2267 1295 2297 salis
1311 2267 1399 2308 nigri,
1429 2274 1458 2297 et
1483 2278 1524 2296 xv
1548 2267 1628 2298 bolle
1644 2267 1714 2297 salis

302 2340 372 2380 albj,
390 2340 486 2370 locate
501 2339 531 2368 in
552 2337 730 2377 Striueling‚
748 2336 832 2377 pricii
849 2335 933 2371 varii,
962 2335 1089 2366 Summa
1103 2333 1156 2374 xiij
1172 2331 1195 2363 Ῐί
1211 2332 1283 2372 xviij
1301 2336 1313 2362 Ξ
1328 2332 1370 2372 iiij
1387 2334 1415 2362 d.
