1861 2703
116 489 250 519 Linlithqw.

57 1667 272 1687 I’KNTIIECOSTES.

78 1736 210 1766 Striueling.

304 236 372 267 152
770 235 927 270 LIBER
955 235 1231 271 DOMICILII
1601 242 1703 278 1529.

349 335 432 364 DIE
457 335 588 365 JOUIS
619 329 678 363 xiii
708 329 807 364 Maii.
868 337 1118 368 PANETRIA.
1172 331 1229 366 De
1257 332 1456 378 preintratis
1486 346 1496 367 s
1529 336 1652 380 expen’
1679 335 1714 368 in

300 407 446 453 prandio
464 407 556 454 apud
576 407 783 454 Edinburgh
803 408 910 456 lxxxij
930 421 1038 456 panes
1066 423 1077 443 s
1108 414 1142 443 et
1168 408 1210 443 fic
1238 409 1365 444 restant
1395 411 1451 444 v‘D
1480 411 1552 458 lviij
1584 424 1712 458 panes!

301 483 391 518 Item
411 485 516 531 empt’
534 485 569 518 in
590 484 782 531 Linlithqw
808 485 958 533 lxxxxiij
988 499 1095 533 panes
1122 487 1262 521 venales
1280 500 1325 521 xv
1346 493 1361 522 Ξ
1379 488 1410 534 vj
1430 488 1455 523 d
1485 502 1497 522 t
1529 495 1562 523 et
1591 491 1714 536 expen'

300 561 358 595 ista
376 562 480 596 noete
499 562 535 596 in
554 574 641 596 cena
659 567 693 596 et
711 562 765 597 die
780 563 943 609 sequente
956 564 990 597 in
1004 564 1151 610 prandio
1168 577 1178 597 l
1196 570 1230 598 et
1244 563 1285 598 fic
1301 578 1399 610 eque.
1427 572 1712 604 BUTELARIA.

299 639 435 685 Expen’
453 652 500 673 xx
517 639 632 686 lagine
651 640 672 687 ij
693 645 815 686 quarte
834 639 974 675 ceruifie
995 654 1006 674 l
1026 647 1060 675 et
1077 640 1119 675 fic
1139 641 1267 675 restant
1292 642 1341 689 Γ)
1369 643 1414 689 ij
1444 643 1538 691 lxxvj
1569 645 1683 691 lagine
1697 649 1710 692 j

296 722 418 762 quarta
436 716 576 751 ceruifie
596 723 629 751 et
648 717 743 765 birrj.
801 724 1016 760 COQUINA.
1055 718 1114 752 De
1133 719 1333 766 prointratis
1365 733 1375 753 s
1405 722 1527 768 expen'
1553 721 1573 767 ij
1602 728 1712 756 inerte

296 793 377 828 salse
390 794 431 841 J}
448 800 571 840 quarta
588 801 698 830 merte
711 795 802 842 paste
818 809 830 829 l
846 801 879 830 et
891 795 933 830 fic
945 795 1072 830 restant
1090 796 1124 830 lv
1143 802 1253 831 morte
1269 797 1301 843 iij
1318 802 1440 843 quarte
1455 796 1535 832 salse
1551 798 1585 845 tj
1603 805 1712 833 mei-ta

299 1112 421 1150 quarte
449 1119 459 1139 t
488 1105 579 1139 Item
599 1106 729 1153 empt'j
750 1107 881 1141 vitulus
911 1119 1058 1152 magnus
1083 1109 1097 1153 j
1127 1112 1250 1152 quarta
1270 1120 1338 1141 xxv
1357 1113 1372 1142 Ξ
1392 1121 1402 1142 s
1423 1108 1455 1155 iij
1477 1109 1556 1155 agnj
1580 1123 1590 1143 s
1610 1110 1631 1156 ij
1651 1110 1715 1143 lin-

297 1195 366 1228 gue
384 1182 513 1217 bouine
532 1197 543 1217 s
562 1184 595 1230 xj
616 1189 631 1218 Ξ
648 1197 670 1217 x
688 1184 711 1219 d
730 1197 741 1218 s
762 1189 795 1218 et
814 1185 938 1231 expen'
957 1197 968 1217 l
990 1183 1080 1218 Item
1100 1185 1204 1231 empt’
1223 1184 1280 1231 xxj
1300 1184 1415 1231 lagine
1434 1185 1574 1221 ceruifie
1596 1200 1606 1221 Ι
1626 1187 1646 1234 iJ'
1667 1188 1712 1221 la-

298 1262 379 1307 gine
398 1261 480 1308 birrj
502 1274 513 1295 l
532 1262 625 1308 xxxij
646 1266 661 1296 Ξ
680 1275 691 1296 s
711 1267 745 1296 et
763 1262 887 1308 expen'
915 1274 926 1295 s
956 1261 1047 1295 Item
1066 1262 1171 1308 empt’
1201 1274 1246 1295 xv
1277 1274 1426 1309 capones
1449 1263 1530 1310 pastJ'
1554 1277 1565 1297 s
1584 1264 1618 1311 iij
1638 1265 1713 1311 pul-

299 1340 531 1386 ligallinarum
554 1354 563 1374 s
584 1341 630 1387 iiij
651 1340 822 1375 dottrallis
841 1353 852 1374 l
872 1340 905 1387 iij
934 1351 1083 1387 capones
1104 1352 1114 1374 s
1134 1339 1167 1386 iij
1187 1338 1292 1386 snipis
1321 1353 1332 1374 Ι
1365 1340 1385 1387 ij
1406 1342 1627 1376 conturnices
1647 1356 1657 1376 s
1678 1343 1713 1376 in

298 1418 413 1452 butiro
434 1432 444 1452 s
464 1418 572 1453 ordeo
592 1432 603 1453 Ι
624 1424 658 1452 et
673 1417 738 1453 sale
759 1432 769 1452 l
789 1418 873 1465 varij
890 1417 996 1465 precij
1019 1430 1029 1451 l
1051 1417 1193 1451 Summa
1206 1417 1252 1465 iiij
1266 1417 1291 1452 ii
1309 1422 1359 1453 v‘S
1377 1418 1435 1465 viij
1450 1418 1474 1453 d
1489 1431 1500 1453 l
1513 1424 1547 1453 et
1562 1421 1696 1466 expen’.

838 1496 980 1530 Summa
998 1495 1043 1542 xij
1064 1495 1088 1529 fi
1107 1495 1127 1542 ij
1148 1500 1173 1530 Ξ.

345 1660 426 1690 DIE
450 1660 684 1690 DOMINICO
706 1654 765 1689 xvi
784 1653 884 1688 Maii.
937 1658 1182 1689 PANETRIA.
1224 1651 1282 1686 De
1312 1652 1513 1698 preintratis
1542 1666 1553 1686 l
1585 1655 1708 1700 expen'

288 1733 317 1779 j
334 1738 385 1766 vxx
403 1732 447 1779 vij
467 1745 573 1779 panes
604 1733 639 1766 in
667 1732 841 1766 dominico
870 1737 905 1766 et
935 1731 1086 1766 seeundo
1119 1743 1130 1764 Ι
1160 1735 1194 1764 et
1221 1729 1265 1764 fic
1294 1729 1421 1764 restant
1449 1730 1531 1777 iiijm
1562 1737 1594 1765 vc
1624 1731 1707 1778 lxxij

291 1823 408 1857 panes.
460 1816 739 1846 BUTELARIA.
780 1809 917 1856 Expen'
936 1809 994 1856 lvij
1014 1809 1158 1855 laginej
1177 1813 1301 1854 quarta
1318 1807 1457 1842 ceruifie
1486 1821 1497 1841 s
1529 1814 1563 1842 et
1581 1807 1623 1842 fic
1642 1808 1707 1842 res-

291 1894 365 1923 tant
377 1888 428 1935 J'm
446 1894 478 1922 vc
496 1888 532 1935 lij
552 1888 666 1934 lagine
685 1886 824 1923 ceruifie
851 1892 885 1922 et
910 1887 1006 1934 birrj.
1059 1892 1274 1928 COQUINA.
1315 1885 1373 1920 De
1399 1886 1601 1932 preintratis
1621 1899 1632 1919 l
1652 1899 1708 1920 ex-

291 1966 370 2011 pen'
388 1966 409 2012 ij
429 1970 539 2000 merte
557 1964 638 2000 salse
658 1978 669 2000 l
695 1970 730 2000 et
746 1964 789 1999 fic
808 1964 933 1999 restant
950 1963 1032 2010 xviij
1052 1968 1163 1997 merte
1182 1962 1230 2010 ij-l}
1249 1968 1371 2009 quarte
1398 1968 1509 1997 merte
1536 1961 1616 1996 salse
1644 1963 1709 1996 lar-

292 2042 424 2075 dinarie
442 2042 484 2075 de
503 2041 695 2088 Striueling
721 2054 732 2075 l
762 2041 852 2076 Item
878 2041 912 2087 iij
933 2045 1055 2087 quarte
1080 2045 1192 2074 merte
1210 2039 1300 2087 paste
1319 2040 1354 2087 iij
1373 2039 1399 2075 fi
1416 2039 1449 2087 vj
1469 2044 1484 2074 Ξ
1504 2052 1512 2074 1
1533 2045 1567 2074 et
1585 2041 1707 2086 expen’

284 2117 325 2164 j}
343 2123 465 2163 quarta
494 2132 505 2151 l
532 2124 566 2152 et
585 2117 627 2152 fic
645 2118 747 2152 restat
762 2118 803 2165 J}
822 2123 944 2164 quarta
962 2122 1072 2152 merte
1090 2117 1181 2164 paste
1209 2130 1220 2150 l
1250 2117 1340 2151 Item
1359 2118 1491 2164 empt'j
1512 2117 1706 2163 carcagium

290 2200 399 2229 inerte
418 2195 521 2241 xxxvj
542 2199 556 2228 Ξ
576 2208 586 2229 l
606 2196 627 2242 ij
648 2195 745 2242 vitulj
766 2197 882 2242 magnj
902 2195 1008 2242 xxxvj
1032 2200 1046 2230 Ξ
1064 2208 1075 2230 s
1096 2208 1142 2230 xv
1161 2195 1260 2242 vitulj
1290 2195 1388 2242 paruj
1421 2195 1479 2230 xlv
1498 2200 1513 2230 Ξ
1543 2208 1555 2229 s
1586 2207 1607 2230 v
1625 2194 1702 2241 agnj

291 2272 358 2318 xvij
379 2278 393 2307 Ξ
411 2272 442 2319 vj
462 2273 508 2308 ds
525 2272 544 2319 ij
561 2273 638 2319 hedj
656 2286 665 2307 t
681 2275 713 2319 vj
732 2272 851 2319 lingue
870 2273 997 2308 bonine
1018 2287 1028 2308 t
1047 2286 1069 2309 v
1087 2273 1173 2308 libre
1192 2273 1266 2320 cepi
1286 2286 1297 2306 s
1317 2286 1337 2308 x
1353 2277 1369 2308 Ξ
1386 2275 1418 2320 vj
1433 2273 1457 2308 d
1477 2286 1485 2309 l
1507 2278 1539 2308 et
1555 2273 1675 2319 expen’
1691 2285 1702 2304 l
