1861 2703
115 1114 262 1143 Edinburgh.

290 234 335 268 66
753 230 911 266 LIBER
940 230 1230 267 DOMICILII.
1595 231 1699 266 15026.

339 344 420 374 DIE
439 342 675 373 MERCURII
690 336 847 373 vicefimo
859 338 983 384 quinto
996 337 1095 374 Julii.
1129 337 1172 372 In
1183 337 1330 385 panibus
1346 350 1357 371 l
1372 336 1514 372 ceruifia
1530 350 1540 371 ι
1556 337 1675 372 mertis
1690 350 1700 370 t

291 405 517 441 mutounibus
536 417 547 438 l
566 410 601 440 et
618 405 694 452 alijs
710 404 864 453 expensis
1046 431 1054 439 .
1229 431 1237 439 .
1433 405 1478 452 xij
1496 406 1523 440 fi
1542 405 1563 451 ij
1583 409 1598 440 ἕ
1615 405 1650 438 ix
1667 404 1701 439 d.

340 490 422 520 DIE
446 489 577 520 JOUIS
601 482 759 518 vicefimo
777 483 873 518 sexto
891 483 989 519 Julii.
1042 483 1151 530 Apud
1177 482 1361 528 Jedburgh
1391 483 1514 529 expen’
1542 482 1579 515 in
1608 482 1703 528 pani-

291 563 353 597 bus
372 576 383 595 s
403 560 543 596 ceruifia
561 574 573 595 l
592 562 711 596 mertis
730 574 741 594 s
760 560 963 595 mutonibus
981 565 1016 595 et
1033 559 1109 606 alijs
1127 559 1269 594 minutis
1295 558 1449 606 expenfis
1469 573 1480 593 s
1500 565 1537 593 vt
1554 564 1650 606 patet
1666 560 1704 592 in

291 640 414 674 cedula
432 639 605 674 di&arum
624 637 852 686 expensarum
1018 663 1026 671 .
1192 662 1199 670 .
1349 663 1355 669 .
1504 635 1577 671 xlix
1595 642 1610 671 ἔ
1627 637 1649 683 ij
1668 637 1703 671 d.

339 726 420 755 DIE
445 724 644 755 VENERIS
668 716 828 751 vieefimo
853 716 997 763 septimo
1015 714 1113 751 Julii.
1166 714 1302 761 Expen’
1333 714 1369 747 in
1400 713 1545 760 panibus
1565 731 1575 746 ι
1595 715 1705 749 cerui-

292 797 334 831 fia
354 811 364 830 t
384 796 529 844 piscibus
549 809 559 829 l
579 801 614 830 et
631 794 707 841 alijs
725 792 878 841 expensis
1060 818 1068 826 .
1248 818 1256 826 .
1422 818 1430 826 .
1601 792 1659 838 lvij
1679 794 1704 827 ἕ.

724 871 867 907 Summa
885 870 1000 905 totalis
1014 872 1041 917 jc
1058 870 1091 917 vj
1110 870 1135 905 ii
1153 883 1175 903 x
1194 872 1235 917 §j
1254 871 1288 905 d.

341 1036 422 1065 DIE
447 1034 609 1065 SABOTI
631 1028 737 1061 xxviii
754 1027 852 1062 Julii.
907 1026 1025 1060 Hodie
1045 1025 1222 1060 Dominus
1250 1025 1330 1060 Rex
1360 1026 1529 1071 equitauit
1559 1026 1601 1060 de
1624 1026 1706 1061 Jed-

293 1107 403 1152 burgh
426 1123 434 1138 l
455 1106 554 1139 finito
573 1104 717 1139 difiunio
738 1118 748 1137 l
767 1103 885 1138 versus
907 1102 1113 1148 Edinburgh
1140 1103 1176 1136 in
1207 1115 1303 1136 cena.
1357 1109 1607 1139 PANETRIA.
1649 1103 1706 1137 De

291 1349 405 1383 panes·
458 1341 745 1371 BUTELARIA.
787 1334 904 1381 Empt’
930 1334 962 1381 vj
990 1334 1105 1380 lagine
1137 1332 1276 1368 eeruifie
1307 1334 1401 1380 price
1433 1333 1480 1380 xij
1509 1339 1523 1368 ἒ
1556 1347 1566 1366 t
1598 1339 1632 1368 et
1651 1346 1708 1368 ex-

292 1415 382 1461 pen'.
434 1417 648 1455 COQUINA.
688 1411 805 1458 Empt'
820 1410 904 1457 lxxij
920 1410 987 1457 albj
1000 1411 1106 1458 pisces
1126 1424 1136 1444 ι
1155 1411 1226 1458 xiiij
1242 1411 1421 1446 macfische
1441 1424 1452 1444 s
1471 1411 1607 1458 lxxxiiij
1625 1411 1709 1458 spel-

295 1490 407 1535 dingis
427 1503 437 1523 l
456 1490 493 1523 in
511 1488 640 1536 spontis
660 1505 669 1521 t
689 1487 869 1534 merlingis
888 1501 899 1521 l
919 1487 1018 1534 lucijs
1038 1501 1049 1521 l
1069 1493 1104 1523 et
1122 1488 1296 1534 gTenbans
1316 1502 1327 1522 s
1346 1487 1430 1535 varij
1451 1488 1555 1534 precij
1578 1501 1589 1521 s
1610 1488 1708 1522 Sum-

297 1580 353 1600 ma
372 1566 466 1613 xxiiij
488 1571 502 1599 ἕ
520 1566 551 1612 vj
571 1565 595 1599 d
615 1578 625 1598 s
646 1571 679 1599 et
698 1566 832 1612 expen'.

802 1640 944 1675 Summa
962 1641 1069 1687 xxxvj
1089 1647 1104 1676 ἔ
1121 1641 1153 1687 vj
1173 1642 1206 1676 d.
