1861 2703
167 285 271 316 1525.
649 281 805 317 REGIS
831 281 1020 317 JACOBI
1050 283 1094 317 V.
1542 293 1584 322 15

166 379 246 425 peu'
262 378 299 412 in
316 390 402 412 cena
419 377 478 412 ista
495 378 601 413 noele
620 383 670 412 v'a
687 381 720 425 vj
740 391 846 426 panes
866 392 877 412 ι
897 384 932 413 et
949 378 992 414 fic
1010 379 1138 414 restant
1165 381 1200 414 in
1227 386 1302 415 toto
1321 383 1391 429 iij‘o
1410 383 1580 431 lxxxxviij

165 468 282 503 panes.
334 462 646 493 BUTELLARIA.
675 456 733 491 De
751 455 893 492 ceruifia
912 470 923 490 1
943 458 1067 504 expen'
1087 463 1123 492 vt
1142 459 1177 492 iu
1202 459 1295 493 dieta
1312 460 1476 506 sequente
1496 474 1584 496 non-

165 534 248 567 dum
270 534 398 568 intrat’.
451 541 665 578 COQUINA.
694 534 752 569 De
780 535 981 582 preintratis
1001 549 1012 569 s
1032 537 1156 582 expen’
1184 537 1206 583 ij
1235 543 1358 583 quarte
1387 545 1498 573 merte
1519 554 1530 573 s
1550 547 1585 574 et

164 612 206 646 fic
225 612 352 647 restant
369 612 452 647 xxix
470 618 580 648 merte
599 613 647 661 ij33
665 618 788 659 quarte
816 627 826 647 l
856 613 947 648 Item
980 616 1085 662 empt'
1107 628 1153 649 xx
1185 621 1347 652 mutones
1373 618 1468 664 price
1495 620 1581 666 varij

176 691 210 736 iij
242 691 266 724 li
295 691 340 738 xij
364 696 379 726 Ξ
407 705 418 725 l
446 691 488 725 de
515 691 639 737 quibus
668 692 792 738 expen'
823 704 845 725 x
876 697 1039 726 mutones
1061 692 1102 740 j32
1131 699 1255 739 quarta
1287 708 1297 728 l
1327 694 1417 729 Item
1449 696 1584 730 liberat'

164 768 343 803 Fratribus
370 767 602 804 Obseruantie
621 770 657 803 in
675 769 868 804 elemozina
888 769 997 815 Regis
1017 770 1050 816 iij
1070 776 1233 805 mutones
1253 785 1264 805 l
1283 777 1318 806 et
1342 772 1384 806 fic
1403 773 1531 808 restant
1550 778 1581 821 vj

163 853 325 882 mutones
343 847 391 895 iffi
408 853 531 893 quarte
559 860 570 880 s
600 847 656 881 De
687 846 888 893 preintratis
908 860 919 879 t
939 848 1063 893 expen’
1082 848 1116 894 iij
1136 847 1222 882 libre
1250 848 1353 895 butirj
1375 863 1386 883 t
1406 856 1441 884 et
1459 850 1500 885 fic
1519 853 1585 886 res-

163 931 238 959 tant
256 926 278 973 ij
298 931 396 972 petre
415 926 473 971 viij
492 924 579 959 libre
598 924 703 971 butirj
727 938 737 958 s
758 924 849 959 Item
865 925 970 971 empt'
988 924 1060 972 xiiij
1072 925 1158 972 pullj
1173 925 1384 971 gallinarum
1404 929 1461 976 viij
1475 934 1490 963 ἒ
1504 930 1524 976 ij
1541 931 1583 965 ds

491 1080 635 1114 Summa
652 1081 687 1114 ix
704 1080 729 1114 ii
748 1080 831 1127 xviij
851 1085 866 1115 Ξ
884 1082 917 1128 xj
937 1081 961 1116 d
977 1081 1014 1114 in
1033 1081 1131 1115 totali
1151 1082 1254 1117 dieta.

210 1244 291 1273 DIE
317 1243 485 1274 SABOTI
512 1237 585 1270 xiiii
604 1235 784 1271 Ofilobris.
837 1244 1085 1274 PANETRIA.
1115 1238 1173 1273 De
1203 1240 1405 1286 preintratis
1425 1255 1435 1274 l
1456 1245 1581 1289 expen’

161 1315 254 1362 apud
273 1315 457 1361 Striuiling
474 1315 510 1349 in
528 1315 675 1362 prandio
693 1321 744 1349 Vxx
762 1317 795 1362 vj
815 1328 922 1362 panes
942 1330 953 1350 l
973 1322 1008 1351 et
1025 1316 1068 1352 fic
1086 1316 1214 1351 restant
1232 1317 1289 1365 ij<o
1307 1319 1378 1365 viij‘
1397 1321 1455 1367 viij
1474 1334 1582 1367 panes

161 1394 254 1440 apud
273 1393 474 1440 Striueling.
527 1399 844 1430 BUTELLARIA.
874 1394 932 1429 De
945 1394 1086 1430 ceruifia
1099 1396 1291 1442 preintrata
1310 1410 1321 1430 l
1341 1400 1466 1444 expen’
1480 1401 1578 1447 xxxij

162 1472 304 1519 laginej
324 1477 448 1518 quarta
465 1471 605 1507 ceruifie
625 1486 636 1506 s
656 1478 691 1507 et
707 1472 751 1507 fic
769 1485 856 1519 eque
875 1485 974 1519 eque.
1029 1480 1243 1516 COQUINA.
1272 1475 1330 1509 De
1348 1477 1548 1522 preintratis
1568 1493 1579 1513 t

161 1552 285 1598 expen'
303 1550 362 1597 xiij
381 1550 542 1584 mulones
561 1563 572 1584 l
591 1551 627 1598 ijc
649 1550 835 1597 speldingis
853 1564 865 1585 l
885 1557 919 1585 et
936 1549 979 1586 fic
997 1539 1124 1586 restent
1143 1555 1202 1599 xxj
1223 1553 1384 1588 mulones
1402 1568 1413 1588 l
1432 1556 1503 1602 iij‘D
1521 1557 1582 1604 iiije

160 1629 344 1676 speldingis
372 1642 382 1662 l
412 1628 504 1662 Item
531 1630 637 1676 empt’
667 1629 715 1676 iijc
744 1629 854 1664 alleca
873 1643 883 1663 s
905 1629 951 1676 iijc
973 1629 1040 1676 albj
1067 1630 1174 1676 pisces
1196 1644 1207 1664 s
1226 1631 1262 1665 in
1280 1633 1424 1678 perches
1444 1648 1455 1667 l
1477 1639 1579 1671 trutis

159 1707 370 1742 torrentium
390 1719 401 1740 l
420 1707 538 1753 pranis
557 1720 568 1740 l
588 1707 768 1754 sperlingis
788 1707 827 1753 sj
849 1707 960 1742 lucius
980 1721 990 1741 s
1011 1713 1045 1742 et
1072 1709 1108 1742 in
1136 1709 1280 1755 cenapio
1301 1723 1312 1743 s
1332 1711 1417 1757 varij
1436 1715 1542 1761 precij
1566 1730 1576 1749 s
1603 1731 1711 1760 Glasgffl.

160 1786 218 1820 xlv
237 1791 252 1820 ἕ
268 1798 290 1819 v
307 1786 331 1820 d
358 1798 368 1818 t
397 1790 431 1819 et
449 1786 584 1831 expen’.

738 1863 880 1897 Summa
897 1869 1003 1910 patet.

209 2025 291 2054 DIE
315 2024 549 2054 DOMINICO
580 2031 625 2052 xv
655 2018 834 2053 oetobris.
898 2019 1074 2053 Dominus
1106 2019 1186 2054 Rex
1215 2033 1294 2055 cum
1321 2021 1471 2057 dominis
1497 2037 1577 2059 con-

158 2097 219 2144 filij
239 2097 441 2131 manserunt
468 2097 505 2130 in
533 2097 675 2132 ciuitate
694 2096 900 2144 Glasguenfi
917 2098 1018 2145 super
1036 2097 1191 2146 expensis
1210 2099 1356 2147 Dominj
1378 2101 1574 2150 Archiepis-

158 2177 235 2222 copj
255 2174 406 2209 eiusdem
424 2174 485 2209 isto
504 2175 559 2210 die
577 2188 640 2222 per
657 2181 772 2210 totum
791 2175 883 2211 diem
902 2189 915 2210 l
933 2182 968 2211 et
986 2176 1041 2212 die
1059 2177 1221 2224 sequente
1240 2178 1275 2212 in
1293 2179 1442 2226 prandio
1460 2179 1573 2216 fimili-

157 2259 210 2287 ter
230 2265 241 2286 s
261 2258 295 2287 et
312 2252 429 2299 postea
446 2254 692 2299 equitauerunt
709 2254 826 2290 versus
843 2255 1014 2302 palacium
1033 2255 1075 2290 de
1094 2255 1332 2301 Enchengean
1351 2258 1385 2292 in
1405 2271 1501 2294 cena.
1588 2266 1736 2289 Enchenmn
