<?xml version="1.0" encoding="UTF-8"?>
<!DOCTYPE html PUBLIC "-//W3C//DTD XHTML 1.0 Transitional//EN"
    "http://www.w3.org/TR/xhtml1/DTD/xhtml1-transitional.dtd">
<html xmlns="http://www.w3.org/1999/xhtml" xml:lang="en" lang="en">
 <head>
  <title>
</title>
<meta http-equiv="Content-Type" content="text/html;charset=utf-8" />
  <meta name='ocr-system' content='tesseract 3.04.00' />
  <meta name='ocr-capabilities' content='ocr_page ocr_carea ocr_par ocr_line ocrx_word'/>
</head>
<body>
  <div class='ocr_page' id='page_1' title='image "./excerptaelibrisd00bann_0289.png"; bbox 0 0 1861 2703; ppageno 0'>
   <div class='ocr_carea' id='block_1_1' title="bbox 140 257 1558 297">
    <p class='ocr_par' dir='ltr' id='par_1_1' title="bbox 140 257 1558 297">
     <span class='ocr_line' id='line_1_1' title="bbox 140 257 1558 297; baseline -0.004 0"><span class='ocrx_word' id='word_1_1' title='bbox 140 265 243 297; x_wconf 69' lang='lat'>15028.</span> <span class='ocrx_word' id='word_1_2' title='bbox 709 257 992 294; x_wconf 88' lang='lat' dir='ltr'>APPENDIX.</span> <span class='ocrx_word' id='word_1_3' title='bbox 1516 263 1558 293; x_wconf 87' lang='lat'>15</span> 
     </span>
    </p>
   </div>
   <div class='ocr_carea' id='block_1_2' title="bbox 137 355 1574 1658">
    <p class='ocr_par' dir='ltr' id='par_1_2' title="bbox 137 355 1559 531">
     <span class='ocr_line' id='line_1_2' title="bbox 179 355 1559 397; baseline -0.001 -9"><span class='ocrx_word' id='word_1_4' title='bbox 179 361 244 389; x_wconf 72' lang='lat' dir='ltr'>Du:</span> <span class='ocrx_word' id='word_1_5' title='bbox 262 358 358 388; x_wconf 72' lang='lat' dir='ltr'>LUNE</span> <span class='ocrx_word' id='word_1_6' title='bbox 374 357 396 388; x_wconf 89' lang='lat' dir='ltr'>ii</span> <span class='ocrx_word' id='word_1_7' title='bbox 413 356 606 387; x_wconf 88' lang='lat' dir='ltr'>Nouembris.</span> <span class='ocrx_word' id='word_1_8' title='bbox 654 356 732 387; x_wconf 88' lang='lat' dir='ltr'>Item</span> <span class='ocrx_word' id='word_1_9' title='bbox 747 356 873 387; x_wconf 87' lang='lat' dir='ltr'>liberate</span> <span class='ocrx_word' id='word_1_10' title='bbox 889 355 994 387; x_wconf 85' lang='lat' dir='ltr'>Dauid</span> <span class='ocrx_word' id='word_1_11' title='bbox 1009 355 1173 386; x_wconf 84' lang='lat' dir='ltr'>Falconare</span> <span class='ocrx_word' id='word_1_12' title='bbox 1189 361 1219 386; x_wconf 84' lang='lat' dir='ltr'>et</span> <span class='ocrx_word' id='word_1_13' title='bbox 1233 356 1381 397; x_wconf 84' lang='lat' dir='ltr'>peonariis</span> <span class='ocrx_word' id='word_1_14' title='bbox 1397 356 1559 387; x_wconf 88' lang='lat' dir='ltr'>laboranti-</span> 
     </span>
     <span class='ocr_line' id='line_1_3' title="bbox 137 421 1559 464; baseline -0.001 -10"><span class='ocrx_word' id='word_1_15' title='bbox 137 425 193 454; x_wconf 85' lang='lat' dir='ltr'>bus</span> <span class='ocrx_word' id='word_1_16' title='bbox 205 424 284 454; x_wconf 88' lang='lat' dir='ltr'>circa</span> <span class='ocrx_word' id='word_1_17' title='bbox 292 428 422 454; x_wconf 86' lang='lat' dir='ltr'>castrum</span> <span class='ocrx_word' id='word_1_18' title='bbox 437 422 475 453; x_wconf 83' lang='lat' dir='ltr'>de</span> <span class='ocrx_word' id='word_1_19' title='bbox 489 422 725 464; x_wconf 85' lang='lat' dir='ltr'>Temptalloune</span> <span class='ocrx_word' id='word_1_20' title='bbox 735 422 772 453; x_wconf 87' lang='lat' dir='ltr'>de</span> <span class='ocrx_word' id='word_1_21' title='bbox 783 421 925 453; x_wconf 86' lang='lat' dir='ltr'>mandato</span> <span class='ocrx_word' id='word_1_22' title='bbox 939 421 1066 452; x_wconf 89' lang='lat' dir='ltr'>Domini</span> <span class='ocrx_word' id='word_1_23' title='bbox 1082 421 1178 463; x_wconf 80' lang='lat' dir='ltr'>Regis</span> <span class='ocrx_word' id='word_1_24' title='bbox 1186 422 1213 463; x_wconf 76' lang='lat' dir='ltr'>jc</span> <span class='ocrx_word' id='word_1_25' title='bbox 1227 422 1258 452; x_wconf 89' lang='lat' dir='ltr'>xl</span> <span class='ocrx_word' id='word_1_26' title='bbox 1271 433 1363 464; x_wconf 85' lang='lat' dir='ltr'>panes</span> <span class='ocrx_word' id='word_1_27' title='bbox 1376 422 1406 453; x_wconf 91' lang='lat' dir='ltr'>in</span> <span class='ocrx_word' id='word_1_28' title='bbox 1416 423 1559 454; x_wconf 81' lang='lat' dir='ltr'>secundo.</span> 
     </span>
     <span class='ocr_line' id='line_1_4' title="bbox 180 488 1531 531; baseline -0.001 -12"><span class='ocrx_word' id='word_1_29' title='bbox 180 490 248 519; x_wconf 74' lang='lat' dir='ltr'>Dm</span> <span class='ocrx_word' id='word_1_30' title='bbox 268 489 400 519; x_wconf 55' lang='lat' dir='ltr'>Mnevis</span> <span class='ocrx_word' id='word_1_31' title='bbox 416 489 448 519; x_wconf 92' lang='lat' dir='ltr'>iii</span> <span class='ocrx_word' id='word_1_32' title='bbox 467 488 659 520; x_wconf 86' lang='lat' dir='ltr'>Nouembris.</span> <span class='ocrx_word' id='word_1_33' title='bbox 705 490 733 530; x_wconf 87' lang='lat' dir='ltr'>vj</span> <span class='ocrx_word' id='word_1_34' title='bbox 752 499 881 531; x_wconf 84' lang='lat' dir='ltr'>capones</span> <span class='ocrx_word' id='word_1_35' title='bbox 897 488 975 530; x_wconf 85' lang='lat' dir='ltr'>pasti</span> <span class='ocrx_word' id='word_1_36' title='bbox 990 499 1043 530; x_wconf 88' lang='lat' dir='ltr'>per</span> <span class='ocrx_word' id='word_1_37' title='bbox 1061 488 1240 519; x_wconf 86' lang='lat' dir='ltr'>Priorissam</span> <span class='ocrx_word' id='word_1_38' title='bbox 1256 489 1292 519; x_wconf 87' lang='lat' dir='ltr'>de</span> <span class='ocrx_word' id='word_1_39' title='bbox 1312 489 1531 520; x_wconf 84' lang='lat' dir='ltr'>Cauldstreme.</span> 
     </span>
    </p>

    <p class='ocr_par' dir='ltr' id='par_1_3' title="bbox 182 553 997 597">
     <span class='ocr_line' id='line_1_5' title="bbox 182 553 997 597; baseline -0.002 -11"><span class='ocrx_word' id='word_1_40' title='bbox 182 556 250 586; x_wconf 76' lang='lat' dir='ltr'>Du:</span> <span class='ocrx_word' id='word_1_41' title='bbox 268 556 414 585; x_wconf 70' lang='lat' dir='ltr'>Vnm-:ms</span> <span class='ocrx_word' id='word_1_42' title='bbox 432 555 461 585; x_wconf 92' lang='lat' dir='ltr'>vi</span> <span class='ocrx_word' id='word_1_43' title='bbox 479 555 673 586; x_wconf 83' lang='lat' dir='ltr'>Nouembris.</span> <span class='ocrx_word' id='word_1_44' title='bbox 721 555 823 597; x_wconf 82' lang='lat' dir='ltr'>Empt&#39;</span> <span class='ocrx_word' id='word_1_45' title='bbox 840 555 871 585; x_wconf 89' lang='lat' dir='ltr'>in</span> <span class='ocrx_word' id='word_1_46' title='bbox 887 553 997 585; x_wconf 85' lang='lat' dir='ltr'>concis.</span> 
     </span>
    </p>

    <p class='ocr_par' dir='ltr' id='par_1_4' title="bbox 141 620 1563 729">
     <span class='ocr_line' id='line_1_6' title="bbox 181 620 1563 676; baseline 0 -25"><span class='ocrx_word' id='word_1_47' title='bbox 181 622 247 651; x_wconf 78' lang='lat' dir='ltr'>Dm</span> <span class='ocrx_word' id='word_1_48' title='bbox 264 622 432 652; x_wconf 76' lang='lat' dir='ltr'>DOMINIco</span> <span class='ocrx_word' id='word_1_49' title='bbox 448 621 500 652; x_wconf 90' lang='lat' dir='ltr'>viii</span> <span class='ocrx_word' id='word_1_50' title='bbox 518 621 713 652; x_wconf 83' lang='lat' dir='ltr'>Nouembris.</span> <span class='ocrx_word' id='word_1_51' title='bbox 757 632 778 676; x_wconf 59' lang='grc' dir='ltr'><em>ξ</em></span> <span class='ocrx_word' id='word_1_52' title='bbox 793 626 898 652; x_wconf 84' lang='lat' dir='ltr'><strong>anates</strong></span> <span class='ocrx_word' id='word_1_53' title='bbox 913 627 1106 662; x_wconf 84' lang='lat' dir='ltr'><strong>campestres,</strong></span> <span class='ocrx_word' id='word_1_54' title='bbox 1123 620 1153 661; x_wconf 83' lang='lat' dir='ltr'>vj</span> <span class='ocrx_word' id='word_1_55' title='bbox 1168 631 1242 651; x_wconf 87' lang='lat' dir='ltr'>auce</span> <span class='ocrx_word' id='word_1_56' title='bbox 1258 621 1411 652; x_wconf 70' lang='lat' dir='ltr'>siluestres</span> <span class='ocrx_word' id='word_1_57' title='bbox 1427 633 1480 663; x_wconf 84' lang='lat' dir='ltr'>per</span> <span class='ocrx_word' id='word_1_58' title='bbox 1499 622 1563 651; x_wconf 93' lang='lat' dir='ltr'>Do-</span> 
     </span>
     <span class='ocr_line' id='line_1_7' title="bbox 141 687 796 729; baseline -0.002 -11"><span class='ocrx_word' id='word_1_59' title='bbox 141 688 258 718; x_wconf 87' lang='lat' dir='ltr'>minum</span> <span class='ocrx_word' id='word_1_60' title='bbox 276 687 472 717; x_wconf 67' lang='lat' dir='ltr'>willielmum</span> <span class='ocrx_word' id='word_1_61' title='bbox 491 687 612 729; x_wconf 81' lang='lat' dir='ltr'>Fyddcs</span> <span class='ocrx_word' id='word_1_62' title='bbox 626 687 657 718; x_wconf 91' lang='lat' dir='ltr'>in</span> <span class='ocrx_word' id='word_1_63' title='bbox 675 687 796 719; x_wconf 85' lang='lat' dir='ltr'>Thane.</span> 
     </span>
    </p>

    <p class='ocr_par' dir='ltr' id='par_1_5' title="bbox 182 754 1479 796">
     <span class='ocr_line' id='line_1_8' title="bbox 182 754 1479 796; baseline 0.001 -13"><span class='ocrx_word' id='word_1_64' title='bbox 182 755 251 784; x_wconf 77' lang='lat' dir='ltr'>Dm</span> <span class='ocrx_word' id='word_1_65' title='bbox 268 754 366 784; x_wconf 62' lang='lat' dir='ltr'>Luxu</span> <span class='ocrx_word' id='word_1_66' title='bbox 381 754 412 785; x_wconf 83' lang='lat' dir='ltr'>ix</span> <span class='ocrx_word' id='word_1_67' title='bbox 430 754 625 786; x_wconf 79' lang='lat' dir='ltr'>Nouembris.</span> <span class='ocrx_word' id='word_1_68' title='bbox 673 754 775 796; x_wconf 80' lang='lat' dir='ltr'>Empt&#39;</span> <span class='ocrx_word' id='word_1_69' title='bbox 791 765 834 784; x_wconf 83' lang='lat' dir='ltr'>xx</span> <span class='ocrx_word' id='word_1_70' title='bbox 849 754 950 795; x_wconf 82' lang='lat' dir='ltr'>lagine</span> <span class='ocrx_word' id='word_1_71' title='bbox 965 754 1090 785; x_wconf 83' lang='lat' dir='ltr'>ceruisie</span> <span class='ocrx_word' id='word_1_72' title='bbox 1106 754 1229 785; x_wconf 86' lang='lat' dir='ltr'>taberne</span> <span class='ocrx_word' id='word_1_73' title='bbox 1247 754 1345 796; x_wconf 83' lang='lat' dir='ltr'>xxxiij</span> <span class='ocrx_word' id='word_1_74' title='bbox 1364 758 1375 783; x_wconf 76' lang='grc' dir='ltr'>ἐ</span> <span class='ocrx_word' id='word_1_75' title='bbox 1392 754 1433 796; x_wconf 87' lang='lat' dir='ltr'>iiij</span> <span class='ocrx_word' id='word_1_76' title='bbox 1452 757 1479 784; x_wconf 90' lang='lat' dir='ltr'>d.</span> 
     </span>
    </p>

    <p class='ocr_par' dir='ltr' id='par_1_6' title="bbox 182 820 980 862">
     <span class='ocr_line' id='line_1_9' title="bbox 182 820 980 862; baseline 0.001 -13"><span class='ocrx_word' id='word_1_77' title='bbox 182 821 250 850; x_wconf 71' lang='lat' dir='ltr'>Du:</span> <span class='ocrx_word' id='word_1_78' title='bbox 267 821 384 850; x_wconf 80' lang='lat' dir='ltr'>SABOTI</span> <span class='ocrx_word' id='word_1_79' title='bbox 400 820 465 850; x_wconf 80' lang='lat' dir='ltr'>xiiii</span> <span class='ocrx_word' id='word_1_80' title='bbox 483 820 677 851; x_wconf 83' lang='lat' dir='ltr'>Nouembris.</span> <span class='ocrx_word' id='word_1_81' title='bbox 726 820 828 862; x_wconf 84' lang='lat' dir='ltr'>Empt&#39;</span> <span class='ocrx_word' id='word_1_82' title='bbox 845 820 875 850; x_wconf 92' lang='lat' dir='ltr'>in</span> <span class='ocrx_word' id='word_1_83' title='bbox 892 820 980 851; x_wconf 87' lang='lat' dir='ltr'>lacte.</span> 
     </span>
    </p>

    <p class='ocr_par' dir='ltr' id='par_1_7' title="bbox 185 885 694 916">
     <span class='ocr_line' id='line_1_10' title="bbox 185 885 694 916; baseline 0 -1"><span class='ocrx_word' id='word_1_84' title='bbox 185 886 252 915; x_wconf 78' lang='lat' dir='ltr'>Dm</span> <span class='ocrx_word' id='word_1_85' title='bbox 270 886 402 915; x_wconf 74' lang='lat' dir='ltr'>MAnns</span> <span class='ocrx_word' id='word_1_86' title='bbox 418 885 482 916; x_wconf 84' lang='lat' dir='ltr'>xvii</span> <span class='ocrx_word' id='word_1_87' title='bbox 499 885 694 916; x_wconf 83' lang='lat' dir='ltr'>Nouembris.</span> 
     </span>
    </p>

    <p class='ocr_par' dir='ltr' id='par_1_8' title="bbox 184 950 748 983">
     <span class='ocr_line' id='line_1_11' title="bbox 184 950 748 983; baseline -0.002 0"><span class='ocrx_word' id='word_1_88' title='bbox 184 953 252 983; x_wconf 72' lang='lat' dir='ltr'>Du:</span> <span class='ocrx_word' id='word_1_89' title='bbox 269 953 442 982; x_wconf 76' lang='lat' dir='ltr'>MERcmut</span> <span class='ocrx_word' id='word_1_90' title='bbox 460 951 535 981; x_wconf 84' lang='lat' dir='ltr'>xviii</span> <span class='ocrx_word' id='word_1_91' title='bbox 554 950 748 982; x_wconf 82' lang='lat' dir='ltr'>Nouembris.</span> 
     </span>
    </p>

    <p class='ocr_par' dir='ltr' id='par_1_9' title="bbox 185 1017 1084 1058">
     <span class='ocr_line' id='line_1_12' title="bbox 185 1017 1084 1058; baseline 0 -10"><span class='ocrx_word' id='word_1_92' title='bbox 185 1019 254 1049; x_wconf 73' lang='lat' dir='ltr'>Dm</span> <span class='ocrx_word' id='word_1_93' title='bbox 270 1019 367 1048; x_wconf 82' lang='lat' dir='ltr'>Joms</span> <span class='ocrx_word' id='word_1_94' title='bbox 384 1018 438 1048; x_wconf 81' lang='lat' dir='ltr'>xix</span> <span class='ocrx_word' id='word_1_95' title='bbox 456 1017 651 1048; x_wconf 81' lang='lat' dir='ltr'>Nouembris.</span> <span class='ocrx_word' id='word_1_96' title='bbox 700 1018 802 1058; x_wconf 83' lang='lat' dir='ltr'>Empt’</span> <span class='ocrx_word' id='word_1_97' title='bbox 818 1017 948 1058; x_wconf 81' lang='lat' dir='ltr'>lxxxxvj</span> <span class='ocrx_word' id='word_1_98' title='bbox 966 1017 1084 1048; x_wconf 86' lang='lat' dir='ltr'>alaude.</span> 
     </span>
    </p>

    <p class='ocr_par' dir='ltr' id='par_1_10' title="bbox 188 1082 1175 1125">
     <span class='ocr_line' id='line_1_13' title="bbox 188 1082 1175 1125; baseline 0 -11"><span class='ocrx_word' id='word_1_99' title='bbox 188 1086 253 1115; x_wconf 77' lang='lat' dir='ltr'>Dm</span> <span class='ocrx_word' id='word_1_100' title='bbox 271 1085 388 1114; x_wconf 72' lang='lat' dir='ltr'>SABOTI</span> <span class='ocrx_word' id='word_1_101' title='bbox 405 1084 460 1114; x_wconf 84' lang='lat' dir='ltr'>xxi</span> <span class='ocrx_word' id='word_1_102' title='bbox 478 1083 672 1114; x_wconf 87' lang='lat' dir='ltr'>Nouembris.</span> <span class='ocrx_word' id='word_1_103' title='bbox 721 1083 823 1125; x_wconf 76' lang='lat' dir='ltr'>Empt&#39;</span> <span class='ocrx_word' id='word_1_104' title='bbox 839 1084 859 1124; x_wconf 87' lang='lat' dir='ltr'>ij</span> <span class='ocrx_word' id='word_1_105' title='bbox 879 1083 1012 1124; x_wconf 87' lang='lat' dir='ltr'>pectines</span> <span class='ocrx_word' id='word_1_106' title='bbox 1027 1082 1175 1114; x_wconf 78' lang='lat' dir='ltr'>turbonis.</span> 
     </span>
    </p>

    <p class='ocr_par' dir='ltr' id='par_1_11' title="bbox 144 1149 1569 1390">
     <span class='ocr_line' id='line_1_14' title="bbox 186 1149 1567 1192; baseline 0 -11"><span class='ocrx_word' id='word_1_107' title='bbox 186 1152 254 1181; x_wconf 82' lang='lat' dir='ltr'>D1E</span> <span class='ocrx_word' id='word_1_108' title='bbox 272 1151 369 1181; x_wconf 62' lang='lat' dir='ltr'>Lama</span> <span class='ocrx_word' id='word_1_109' title='bbox 385 1150 461 1181; x_wconf 82' lang='lat' dir='ltr'>xxiii</span> <span class='ocrx_word' id='word_1_110' title='bbox 479 1149 673 1180; x_wconf 80' lang='lat' dir='ltr'>Nouembris.</span> <span class='ocrx_word' id='word_1_111' title='bbox 720 1149 800 1180; x_wconf 85' lang='lat' dir='ltr'><strong>Item</strong></span> <span class='ocrx_word' id='word_1_112' title='bbox 826 1149 915 1180; x_wconf 78' lang='lat' dir='ltr'>solut’</span> <span class='ocrx_word' id='word_1_113' title='bbox 942 1160 996 1190; x_wconf 87' lang='lat' dir='ltr'>per</span> <span class='ocrx_word' id='word_1_114' title='bbox 1022 1149 1235 1180; x_wconf 80' lang='lat' dir='ltr'>Rotulatorem</span> <span class='ocrx_word' id='word_1_115' title='bbox 1259 1151 1288 1181; x_wconf 86' lang='lat' dir='ltr'>in</span> <span class='ocrx_word' id='word_1_116' title='bbox 1315 1151 1415 1192; x_wconf 77' lang='lat' dir='ltr'>gagiis</span> <span class='ocrx_word' id='word_1_117' title='bbox 1439 1151 1567 1192; x_wconf 83' lang='lat' dir='ltr'>quadra-</span> 
     </span>
     <span class='ocr_line' id='line_1_15' title="bbox 144 1216 1565 1259; baseline 0.001 -11"><span class='ocrx_word' id='word_1_118' title='bbox 144 1218 229 1258; x_wconf 77' lang='lat' dir='ltr'>ginta</span> <span class='ocrx_word' id='word_1_119' title='bbox 245 1223 274 1248; x_wconf 85' lang='lat' dir='ltr'>ct</span> <span class='ocrx_word' id='word_1_120' title='bbox 291 1228 401 1247; x_wconf 85' lang='lat' dir='ltr'>nouem</span> <span class='ocrx_word' id='word_1_121' title='bbox 417 1226 612 1258; x_wconf 83' lang='lat' dir='ltr'>personarum</span> <span class='ocrx_word' id='word_1_122' title='bbox 627 1216 847 1247; x_wconf 84' lang='lat' dir='ltr'>remanentium</span> <span class='ocrx_word' id='word_1_123' title='bbox 870 1217 901 1246; x_wconf 92' lang='lat' dir='ltr'>in</span> <span class='ocrx_word' id='word_1_124' title='bbox 930 1216 1100 1259; x_wconf 77' lang='lat' dir='ltr'>Sttiueling</span> <span class='ocrx_word' id='word_1_125' title='bbox 1126 1224 1213 1248; x_wconf 77' lang='lat' dir='ltr'>extra</span> <span class='ocrx_word' id='word_1_126' title='bbox 1236 1217 1421 1249; x_wconf 85' lang='lat' dir='ltr'>domicilium</span> <span class='ocrx_word' id='word_1_127' title='bbox 1438 1218 1565 1249; x_wconf 90' lang='lat' dir='ltr'>Domini</span> 
     </span>
     <span class='ocr_line' id='line_1_16' title="bbox 149 1281 1569 1326; baseline 0.002 -13"><span class='ocrx_word' id='word_1_128' title='bbox 149 1283 245 1324; x_wconf 86' lang='lat' dir='ltr'>Regis</span> <span class='ocrx_word' id='word_1_129' title='bbox 260 1294 278 1314; x_wconf 82' lang='lat' dir='ltr'>a</span> <span class='ocrx_word' id='word_1_130' title='bbox 293 1282 472 1313; x_wconf 80' lang='lat' dir='ltr'>duodecimo</span> <span class='ocrx_word' id='word_1_131' title='bbox 490 1281 675 1312; x_wconf 84' lang='lat' dir='ltr'>Nouembris</span> <span class='ocrx_word' id='word_1_132' title='bbox 689 1292 785 1323; x_wconf 87' lang='lat' dir='ltr'>vsque</span> <span class='ocrx_word' id='word_1_133' title='bbox 800 1282 977 1314; x_wconf 79' lang='lat' dir='ltr'>vicesimum</span> <span class='ocrx_word' id='word_1_134' title='bbox 992 1283 1126 1314; x_wconf 85' lang='lat' dir='ltr'>eiusdem</span> <span class='ocrx_word' id='word_1_135' title='bbox 1142 1284 1307 1321; x_wconf 82' lang='lat' dir='ltr'>exclusiue‚</span> <span class='ocrx_word' id='word_1_136' title='bbox 1336 1285 1388 1326; x_wconf 91' lang='lat' dir='ltr'>qui</span> <span class='ocrx_word' id='word_1_137' title='bbox 1415 1291 1485 1316; x_wconf 78' lang='lat' dir='ltr'>sunt</span> <span class='ocrx_word' id='word_1_138' title='bbox 1501 1292 1569 1316; x_wconf 87' lang='lat' dir='ltr'>octo</span> 
     </span>
     <span class='ocr_line' id='line_1_17' title="bbox 145 1347 898 1390; baseline 0.001 -12"><span class='ocrx_word' id='word_1_139' title='bbox 145 1349 219 1385; x_wconf 81' lang='lat' dir='ltr'>dies,</span> <span class='ocrx_word' id='word_1_140' title='bbox 248 1348 432 1390; x_wconf 83' lang='lat' dir='ltr'>capientium</span> <span class='ocrx_word' id='word_1_141' title='bbox 448 1348 490 1389; x_wconf 79' lang='lat' dir='ltr'>xij</span> <span class='ocrx_word' id='word_1_142' title='bbox 509 1350 537 1385; x_wconf 82' lang='lat' dir='ltr'>d,</span> <span class='ocrx_word' id='word_1_143' title='bbox 566 1348 692 1378; x_wconf 85' lang='lat' dir='ltr'>Summa</span> <span class='ocrx_word' id='word_1_144' title='bbox 707 1347 762 1378; x_wconf 82' lang='lat' dir='ltr'>xix</span> <span class='ocrx_word' id='word_1_145' title='bbox 776 1348 799 1378; x_wconf 76' lang='lat' dir='ltr'>fi</span> <span class='ocrx_word' id='word_1_146' title='bbox 814 1348 856 1389; x_wconf 84' lang='lat' dir='ltr'>xij</span> <span class='ocrx_word' id='word_1_147' title='bbox 875 1352 898 1379; x_wconf 73' lang='grc' dir='ltr'>Ξ.</span> 
     </span>
    </p>

    <p class='ocr_par' dir='ltr' id='par_1_12' title="bbox 146 1414 1574 1589">
     <span class='ocr_line' id='line_1_18' title="bbox 192 1414 1570 1457; baseline 0.003 -12"><span class='ocrx_word' id='word_1_148' title='bbox 192 1415 269 1446; x_wconf 85' lang='lat' dir='ltr'>Item</span> <span class='ocrx_word' id='word_1_149' title='bbox 285 1415 375 1445; x_wconf 85' lang='lat' dir='ltr'>solut’</span> <span class='ocrx_word' id='word_1_150' title='bbox 392 1426 444 1456; x_wconf 89' lang='lat' dir='ltr'>per</span> <span class='ocrx_word' id='word_1_151' title='bbox 459 1414 671 1445; x_wconf 81' lang='lat' dir='ltr'>Rotulatorem</span> <span class='ocrx_word' id='word_1_152' title='bbox 682 1415 713 1445; x_wconf 87' lang='lat' dir='ltr'>in</span> <span class='ocrx_word' id='word_1_153' title='bbox 725 1415 824 1457; x_wconf 81' lang='lat' dir='ltr'>gagiis</span> <span class='ocrx_word' id='word_1_154' title='bbox 840 1415 950 1456; x_wconf 84' lang='lat' dir='ltr'>xxxiiij</span> <span class='ocrx_word' id='word_1_155' title='bbox 968 1426 1163 1457; x_wconf 83' lang='lat' dir='ltr'>personarum</span> <span class='ocrx_word' id='word_1_156' title='bbox 1179 1417 1400 1448; x_wconf 81' lang='lat' dir='ltr'>remanentium</span> <span class='ocrx_word' id='word_1_157' title='bbox 1417 1425 1503 1449; x_wconf 85' lang='lat' dir='ltr'>extra</span> <span class='ocrx_word' id='word_1_158' title='bbox 1518 1419 1570 1449; x_wconf 88' lang='lat' dir='ltr'>do-</span> 
     </span>
     <span class='ocr_line' id='line_1_19' title="bbox 146 1481 1574 1526; baseline 0.002 -15"><span class='ocrx_word' id='word_1_159' title='bbox 146 1482 291 1512; x_wconf 90' lang='lat' dir='ltr'>micilium</span> <span class='ocrx_word' id='word_1_160' title='bbox 309 1481 435 1512; x_wconf 85' lang='lat' dir='ltr'>Domini</span> <span class='ocrx_word' id='word_1_161' title='bbox 455 1481 550 1522; x_wconf 85' lang='lat' dir='ltr'>Regis</span> <span class='ocrx_word' id='word_1_162' title='bbox 566 1492 619 1522; x_wconf 87' lang='lat' dir='ltr'>per</span> <span class='ocrx_word' id='word_1_163' title='bbox 634 1481 748 1512; x_wconf 83' lang='lat' dir='ltr'>dietum</span> <span class='ocrx_word' id='word_1_164' title='bbox 765 1487 895 1524; x_wconf 79' lang='lat' dir='ltr'>tempus,</span> <span class='ocrx_word' id='word_1_165' title='bbox 913 1481 1049 1523; x_wconf 87' lang='lat' dir='ltr'>qualibet</span> <span class='ocrx_word' id='word_1_166' title='bbox 1065 1493 1168 1513; x_wconf 85' lang='lat' dir='ltr'>earum</span> <span class='ocrx_word' id='word_1_167' title='bbox 1188 1483 1329 1524; x_wconf 81' lang='lat' dir='ltr'>capiente</span> <span class='ocrx_word' id='word_1_168' title='bbox 1346 1484 1397 1525; x_wconf 68' lang='lat' dir='ltr'>xvj</span> <span class='ocrx_word' id='word_1_169' title='bbox 1412 1487 1441 1522; x_wconf 85' lang='lat' dir='ltr'>d,</span> <span class='ocrx_word' id='word_1_170' title='bbox 1465 1485 1536 1526; x_wconf 78' lang='lat' dir='ltr'>xviij</span> <span class='ocrx_word' id='word_1_171' title='bbox 1553 1486 1574 1514; x_wconf 65' lang='lat' dir='ltr'>ii</span> 
     </span>
     <span class='ocr_line' id='line_1_20' title="bbox 148 1548 288 1589; baseline 0 -11"><span class='ocrx_word' id='word_1_172' title='bbox 148 1549 168 1589; x_wconf 86' lang='lat' dir='ltr'>ij</span> <span class='ocrx_word' id='word_1_173' title='bbox 185 1553 196 1577; x_wconf 73' lang='grc' dir='ltr'>Ξ</span> <span class='ocrx_word' id='word_1_174' title='bbox 213 1548 242 1589; x_wconf 86' lang='lat' dir='ltr'>iij</span> <span class='ocrx_word' id='word_1_175' title='bbox 259 1551 288 1578; x_wconf 80' lang='lat' dir='ltr'>d.</span> 
     </span>
    </p>

    <p class='ocr_par' dir='ltr' id='par_1_13' title="bbox 192 1612 1412 1658">
     <span class='ocr_line' id='line_1_21' title="bbox 192 1612 1412 1658; baseline 0.002 -15"><span class='ocrx_word' id='word_1_176' title='bbox 192 1615 258 1644; x_wconf 78' lang='lat' dir='ltr'>Dm</span> <span class='ocrx_word' id='word_1_177' title='bbox 277 1613 447 1644; x_wconf 72' lang='lat' dir='ltr'>Mnncnan</span> <span class='ocrx_word' id='word_1_178' title='bbox 466 1624 530 1643; x_wconf 80' lang='lat' dir='ltr'>xxv</span> <span class='ocrx_word' id='word_1_179' title='bbox 547 1612 742 1644; x_wconf 85' lang='lat' dir='ltr'>Nouembris.</span> <span class='ocrx_word' id='word_1_180' title='bbox 792 1614 919 1656; x_wconf 88' lang='lat' dir='ltr'>Empt’j</span> <span class='ocrx_word' id='word_1_181' title='bbox 937 1614 1032 1645; x_wconf 88' lang='lat' dir='ltr'>salmo</span> <span class='ocrx_word' id='word_1_182' title='bbox 1047 1625 1149 1646; x_wconf 82' lang='lat' dir='ltr'>recens</span> <span class='ocrx_word' id='word_1_183' title='bbox 1166 1615 1302 1646; x_wconf 91' lang='lat' dir='ltr'>Domino</span> <span class='ocrx_word' id='word_1_184' title='bbox 1322 1616 1412 1658; x_wconf 74' lang='lat' dir='ltr'>Regi.</span> 
     </span>
    </p>
   </div>
   <div class='ocr_carea' id='block_1_3' title="bbox 194 1679 763 1710">
    <p class='ocr_par' dir='ltr' id='par_1_14' title="bbox 194 1679 763 1710">
     <span class='ocr_line' id='line_1_22' title="bbox 194 1679 763 1710; baseline 0.004 -2"><span class='ocrx_word' id='word_1_185' title='bbox 194 1680 261 1709; x_wconf 74' lang='lat' dir='ltr'>DIE</span> <span class='ocrx_word' id='word_1_186' title='bbox 277 1680 457 1710; x_wconf 73' lang='lat' dir='ltr'>Dommco</span> <span class='ocrx_word' id='word_1_187' title='bbox 473 1679 548 1709; x_wconf 79' lang='lat' dir='ltr'>xxix</span> <span class='ocrx_word' id='word_1_188' title='bbox 567 1679 763 1710; x_wconf 73' lang='lat' dir='ltr'>Nouembris.</span> 
     </span>
    </p>
   </div>
   <div class='ocr_carea' id='block_1_4' title="bbox 1367 1816 1539 1846">
    <p class='ocr_par' dir='ltr' id='par_1_15' title="bbox 1367 1816 1539 1846">
     <span class='ocr_line' id='line_1_23' title="bbox 1367 1816 1539 1846; baseline 0.017 -3"><span class='ocrx_word' id='word_1_189' title='bbox 1367 1821 1441 1844; x_wconf 85' lang='lat' dir='ltr'>Tenet</span> <span class='ocrx_word' id='word_1_190' title='bbox 1462 1816 1539 1846; x_wconf 68' lang='lat' dir='ltr'>Assd.</span> 
     </span>
    </p>
   </div>
   <div class='ocr_carea' id='block_1_5' title="bbox 158 1877 1581 2316">
    <p class='ocr_par' dir='ltr' id='par_1_16' title="bbox 195 1877 1480 1920">
     <span class='ocr_line' id='line_1_24' title="bbox 195 1877 1480 1920; baseline 0.002 -11"><span class='ocrx_word' id='word_1_191' title='bbox 195 1879 265 1909; x_wconf 77' lang='lat' dir='ltr'>Dm</span> <span class='ocrx_word' id='word_1_192' title='bbox 283 1877 413 1908; x_wconf 65' lang='lat' dir='ltr'>Mmms</span> <span class='ocrx_word' id='word_1_193' title='bbox 430 1877 440 1907; x_wconf 91' lang='lat' dir='ltr'>i</span> <span class='ocrx_word' id='word_1_194' title='bbox 457 1877 646 1908; x_wconf 84' lang='lat' dir='ltr'>Decembn&#39;s.</span> <span class='ocrx_word' id='word_1_195' title='bbox 688 1878 700 1919; x_wconf 91' lang='lat' dir='ltr'><strong>j</strong></span> <span class='ocrx_word' id='word_1_196' title='bbox 719 1878 825 1920; x_wconf 86' lang='lat' dir='ltr'>cignus</span> <span class='ocrx_word' id='word_1_197' title='bbox 841 1890 895 1920; x_wconf 88' lang='lat' dir='ltr'>per</span> <span class='ocrx_word' id='word_1_198' title='bbox 909 1879 1058 1909; x_wconf 85' lang='lat' dir='ltr'>Jacobum</span> <span class='ocrx_word' id='word_1_199' title='bbox 1079 1879 1288 1910; x_wconf 87' lang='lat' dir='ltr'>Edmonstoun</span> <span class='ocrx_word' id='word_1_200' title='bbox 1305 1880 1341 1911; x_wconf 88' lang='lat' dir='ltr'>de</span> <span class='ocrx_word' id='word_1_201' title='bbox 1358 1881 1480 1912; x_wconf 84' lang='lat' dir='ltr'>Doune.</span> 
     </span>
    </p>

    <p class='ocr_par' dir='ltr' id='par_1_17' title="bbox 197 1943 1461 1989">
     <span class='ocr_line' id='line_1_25' title="bbox 197 1943 1461 1989; baseline 0.003 -15"><span class='ocrx_word' id='word_1_202' title='bbox 197 1945 264 1974; x_wconf 75' lang='lat' dir='ltr'>DIE</span> <span class='ocrx_word' id='word_1_203' title='bbox 283 1944 457 1974; x_wconf 71' lang='lat' dir='ltr'>MEnccmx</span> <span class='ocrx_word' id='word_1_204' title='bbox 474 1943 495 1973; x_wconf 92' lang='lat' dir='ltr'>ii</span> <span class='ocrx_word' id='word_1_205' title='bbox 511 1943 701 1974; x_wconf 82' lang='lat' dir='ltr'>Decembris.</span> <span class='ocrx_word' id='word_1_206' title='bbox 751 1944 853 1986; x_wconf 83' lang='lat' dir='ltr'>Empt&#39;</span> <span class='ocrx_word' id='word_1_207' title='bbox 870 1945 935 1986; x_wconf 75' lang='lat' dir='ltr'>viijc</span> <span class='ocrx_word' id='word_1_208' title='bbox 947 1945 1038 1976; x_wconf 83' lang='lat' dir='ltr'>ostria</span> <span class='ocrx_word' id='word_1_209' title='bbox 1053 1946 1084 1975; x_wconf 92' lang='lat' dir='ltr'>in</span> <span class='ocrx_word' id='word_1_210' title='bbox 1100 1946 1199 1977; x_wconf 90' lang='lat' dir='ltr'>concis</span> <span class='ocrx_word' id='word_1_211' title='bbox 1217 1947 1352 1977; x_wconf 90' lang='lat' dir='ltr'>Domino</span> <span class='ocrx_word' id='word_1_212' title='bbox 1371 1948 1461 1989; x_wconf 82' lang='lat' dir='ltr'>Regi.</span> 
     </span>
    </p>

    <p class='ocr_par' dir='ltr' id='par_1_18' title="bbox 198 2009 918 2052">
     <span class='ocr_line' id='line_1_26' title="bbox 198 2009 918 2052; baseline 0.001 -12"><span class='ocrx_word' id='word_1_213' title='bbox 198 2011 265 2040; x_wconf 79' lang='lat' dir='ltr'>DIE</span> <span class='ocrx_word' id='word_1_214' title='bbox 283 2010 378 2040; x_wconf 80' lang='lat' dir='ltr'>Joms</span> <span class='ocrx_word' id='word_1_215' title='bbox 393 2010 427 2040; x_wconf 91' lang='lat' dir='ltr'>iii</span> <span class='ocrx_word' id='word_1_216' title='bbox 442 2009 631 2041; x_wconf 84' lang='lat' dir='ltr'>Decembris.</span> <span class='ocrx_word' id='word_1_217' title='bbox 679 2009 805 2051; x_wconf 87' lang='lat' dir='ltr'>Empt&#39;j</span> <span class='ocrx_word' id='word_1_218' title='bbox 822 2010 918 2052; x_wconf 79' lang='lat' dir='ltr'>lepus.</span> 
     </span>
    </p>

    <p class='ocr_par' dir='ltr' id='par_1_19' title="bbox 158 2076 1581 2187">
     <span class='ocr_line' id='line_1_27' title="bbox 200 2076 1581 2119; baseline 0.003 -11"><span class='ocrx_word' id='word_1_219' title='bbox 200 2078 276 2108; x_wconf 75' lang='lat' dir='ltr'>Item</span> <span class='ocrx_word' id='word_1_220' title='bbox 290 2077 379 2108; x_wconf 87' lang='lat' dir='ltr'>solut’</span> <span class='ocrx_word' id='word_1_221' title='bbox 395 2087 449 2118; x_wconf 88' lang='lat' dir='ltr'>per</span> <span class='ocrx_word' id='word_1_222' title='bbox 468 2076 678 2107; x_wconf 79' lang='lat' dir='ltr'>Rotulatorem</span> <span class='ocrx_word' id='word_1_223' title='bbox 695 2077 725 2107; x_wconf 92' lang='lat' dir='ltr'>in</span> <span class='ocrx_word' id='word_1_224' title='bbox 741 2077 842 2119; x_wconf 84' lang='lat' dir='ltr'>gagiis</span> <span class='ocrx_word' id='word_1_225' title='bbox 858 2078 978 2119; x_wconf 82' lang='lat' dir='ltr'>xxxviij</span> <span class='ocrx_word' id='word_1_226' title='bbox 992 2089 1186 2119; x_wconf 86' lang='lat' dir='ltr'>personarum</span> <span class='ocrx_word' id='word_1_227' title='bbox 1202 2080 1421 2110; x_wconf 85' lang='lat' dir='ltr'>remanentium</span> <span class='ocrx_word' id='word_1_228' title='bbox 1437 2081 1467 2111; x_wconf 86' lang='lat' dir='ltr'>in</span> <span class='ocrx_word' id='word_1_229' title='bbox 1488 2082 1581 2112; x_wconf 85' lang='lat' dir='ltr'>Edin-</span> 
     </span>
     <span class='ocr_line' id='line_1_28' title="bbox 158 2142 1581 2187; baseline 0.004 -14"><span class='ocrx_word' id='word_1_230' title='bbox 158 2143 257 2184; x_wconf 80' lang='lat' dir='ltr'>burgh</span> <span class='ocrx_word' id='word_1_231' title='bbox 273 2150 358 2173; x_wconf 83' lang='lat' dir='ltr'>extra</span> <span class='ocrx_word' id='word_1_232' title='bbox 374 2142 497 2173; x_wconf 88' lang='lat' dir='ltr'>domum</span> <span class='ocrx_word' id='word_1_233' title='bbox 514 2143 641 2173; x_wconf 90' lang='lat' dir='ltr'>Domini</span> <span class='ocrx_word' id='word_1_234' title='bbox 660 2142 755 2185; x_wconf 87' lang='lat' dir='ltr'>Regis</span> <span class='ocrx_word' id='word_1_235' title='bbox 771 2155 788 2174; x_wconf 88' lang='lat' dir='ltr'>a</span> <span class='ocrx_word' id='word_1_236' title='bbox 804 2143 946 2174; x_wconf 88' lang='lat' dir='ltr'>vicesimo</span> <span class='ocrx_word' id='word_1_237' title='bbox 963 2143 1149 2175; x_wconf 87' lang='lat' dir='ltr'>Nouembris</span> <span class='ocrx_word' id='word_1_238' title='bbox 1165 2156 1258 2186; x_wconf 88' lang='lat' dir='ltr'>vsque</span> <span class='ocrx_word' id='word_1_239' title='bbox 1278 2146 1377 2187; x_wconf 74' lang='lat' dir='ltr'>iiijtusn</span> <span class='ocrx_word' id='word_1_240' title='bbox 1402 2147 1581 2179; x_wconf 77' lang='lat' dir='ltr'>Decembris</span> 
     </span>
    </p>

    <p class='ocr_par' dir='ltr' id='par_1_20' title="bbox 204 2274 1579 2316">
     <span class='ocr_line' id='line_1_29' title="bbox 204 2274 1579 2316; baseline 0.005 -12"><span class='ocrx_word' id='word_1_241' title='bbox 204 2275 283 2305; x_wconf 78' lang='lat' dir='ltr'>Item</span> <span class='ocrx_word' id='word_1_242' title='bbox 298 2274 386 2304; x_wconf 81' lang='lat' dir='ltr'>solut’</span> <span class='ocrx_word' id='word_1_243' title='bbox 403 2274 433 2304; x_wconf 89' lang='lat' dir='ltr'>in</span> <span class='ocrx_word' id='word_1_244' title='bbox 450 2275 550 2316; x_wconf 84' lang='lat' dir='ltr'>gagiis</span> <span class='ocrx_word' id='word_1_245' title='bbox 564 2274 649 2316; x_wconf 77' lang='lat' dir='ltr'>xlviij</span> <span class='ocrx_word' id='word_1_246' title='bbox 668 2286 863 2316; x_wconf 83' lang='lat' dir='ltr'>personarum</span> <span class='ocrx_word' id='word_1_247' title='bbox 885 2276 1108 2308; x_wconf 82' lang='lat' dir='ltr'>remanentium</span> <span class='ocrx_word' id='word_1_248' title='bbox 1134 2283 1219 2309; x_wconf 83' lang='lat' dir='ltr'>extra</span> <span class='ocrx_word' id='word_1_249' title='bbox 1242 2279 1427 2310; x_wconf 88' lang='lat' dir='ltr'>domicilium</span> <span class='ocrx_word' id='word_1_250' title='bbox 1454 2280 1579 2311; x_wconf 89' lang='lat' dir='ltr'>Domini</span> 
     </span>
    </p>
   </div>
   <div class='ocr_carea' id='block_1_6' title="bbox 161 2340 1301 2387">
    <p class='ocr_par' dir='ltr' id='par_1_21' title="bbox 161 2340 1301 2387">
     <span class='ocr_line' id='line_1_30' title="bbox 161 2340 1301 2387; baseline 0.005 -17"><span class='ocrx_word' id='word_1_251' title='bbox 161 2340 256 2382; x_wconf 77' lang='lat' dir='ltr'>Regis</span> <span class='ocrx_word' id='word_1_252' title='bbox 271 2351 324 2382; x_wconf 86' lang='lat' dir='ltr'>per</span> <span class='ocrx_word' id='word_1_253' title='bbox 339 2340 454 2372; x_wconf 88' lang='lat' dir='ltr'>dictum</span> <span class='ocrx_word' id='word_1_254' title='bbox 469 2346 593 2383; x_wconf 81' lang='lat' dir='ltr'>tempus</span> <span class='ocrx_word' id='word_1_255' title='bbox 604 2341 788 2384; x_wconf 87' lang='lat' dir='ltr'>capientium</span> <span class='ocrx_word' id='word_1_256' title='bbox 805 2342 847 2384; x_wconf 82' lang='lat' dir='ltr'>xij</span> <span class='ocrx_word' id='word_1_257' title='bbox 866 2345 894 2381; x_wconf 79' lang='lat' dir='ltr'>d,</span> <span class='ocrx_word' id='word_1_258' title='bbox 924 2344 1049 2376; x_wconf 87' lang='lat' dir='ltr'>Summa</span> <span class='ocrx_word' id='word_1_259' title='bbox 1065 2344 1163 2386; x_wconf 88' lang='lat' dir='ltr'>xxxiij</span> <span class='ocrx_word' id='word_1_260' title='bbox 1181 2345 1203 2375; x_wconf 63' lang='lat' dir='ltr'>ii</span> <span class='ocrx_word' id='word_1_261' title='bbox 1219 2346 1260 2387; x_wconf 81' lang='lat' dir='ltr'>xij</span> <span class='ocrx_word' id='word_1_262' title='bbox 1279 2350 1301 2376; x_wconf 73' lang='grc' dir='ltr'>ἐ.</span> 
     </span>
    </p>
   </div>
   <div class='ocr_carea' id='block_1_7' title="bbox 1621 891 1768 919">
    <p class='ocr_par' dir='ltr' id='par_1_22' title="bbox 1621 891 1768 919">
     <span class='ocr_line' id='line_1_31' title="bbox 1621 891 1768 919; baseline -0.02 -5"><span class='ocrx_word' id='word_1_263' title='bbox 1621 891 1768 919; x_wconf 57' lang='lat' dir='ltr'>Edinburgh.</span> 
     </span>
    </p>
   </div>
   <div class='ocr_carea' id='block_1_8' title="bbox 1622 959 1757 986">
    <p class='ocr_par' dir='ltr' id='par_1_23' title="bbox 1622 959 1757 986">
     <span class='ocr_line' id='line_1_32' title="bbox 1622 959 1757 986; baseline -0.015 -5"><span class='ocrx_word' id='word_1_264' title='bbox 1622 959 1757 986; x_wconf 69' lang='lat' dir='ltr'>Striuel&#39;mg.</span> 
     </span>
    </p>
   </div>
   <div class='ocr_carea' id='block_1_9' title="bbox 1632 1696 1778 1723">
    <p class='ocr_par' dir='ltr' id='par_1_24' title="bbox 1632 1696 1778 1723">
     <span class='ocr_line' id='line_1_33' title="bbox 1632 1696 1778 1723; baseline -0.007 -5"><span class='ocrx_word' id='word_1_265' title='bbox 1632 1696 1778 1723; x_wconf 78' lang='lat' dir='ltr'>Edinburgh.</span> 
     </span>
    </p>
   </div>
  </div>
 </body>
</html>
