1861 2703
129 372 265 401 Striueling.

136 1099 270 1130 Iainlithqw.

135 1166 282 1197 Edinburgh.

320 267 364 303 16
752 240 754 243 ¹
886 267 1169 303 APPENDIX.
1632 273 1737 305 15‘28.

361 365 430 394 Dm
448 364 564 394 Simon
586 374 602 394 v
620 363 810 395 Decembris.

363 433 431 462 D1E
448 432 545 462 LUNE
562 431 602 461 vii
619 431 808 462 Decembris.
856 430 935 462 Item
960 431 1085 462 liberate
1110 429 1266 460 Fratribus
1286 430 1493 462 Obseruancie
1519 431 1550 461 iu
1576 431 1743 462 elemozina

325 498 420 539 Regis
435 497 511 538 lxiiij
530 497 668 528 mulones
685 497 771 528 aridi.

363 565 432 594 Du:
449 564 596 593 VENERIS
613 564 645 593 xi
663 563 851 594 Decembris.
898 563 1000 604 Empt'
1017 563 1037 603 ij
1055 561 1252 601 murlgeonis.

363 630 432 659 Dus
451 629 567 659 Simon
583 628 627 659 xii
644 628 834 659 Decembris.
882 627 984 669 Empt'
999 627 1042 668 iiij
1060 627 1176 668 polupi.

363 696 431 725 Dm
448 695 470 724 J
473 705 541 725 oms
557 694 621 724 xvii
638 693 828 724 Decembris.
876 693 979 734 Empt'
994 693 1025 723 in
1042 693 1182 724 nundinis
1198 693 1315 735 xxxviij
1335 700 1429 724 merte
1445 705 1513 725 cum
1529 695 1632 726 corriis
1647 695 1743 727 locate

323 763 353 791 in
369 761 527 792 lardinaria
542 760 579 790 de
598 760 775 801 Striueling,
792 759 878 801 pricii
893 759 977 796 varii,
993 759 1118 790 Summa
1132 760 1206 801 lxvij
1223 760 1245 790 ii
1260 771 1281 790 x
1297 763 1320 791 ἓ.
1368 760 1446 791 Item
1461 761 1570 792 intrate
1582 761 1636 803 xlij
1651 769 1745 792 merte

323 839 391 857 cum
408 827 510 857 corriis
526 826 719 867 proprietatis
734 825 771 856 de
790 825 1031 855 Glenderowane
1046 825 1143 856 locate
1158 825 1189 855 in
1204 825 1284 856 dicta
1299 825 1467 857 lardinaria.

365 893 432 922 DIE
449 892 597 922 VENEnis
614 891 689 921 xviii
707 890 895 922 Decembris.
943 890 1045 932 Empt’
1061 891 1081 932 ij
1100 891 1197 922 celdre
1213 891 1254 932 xij
1280 891 1361 922 bolle
1387 892 1457 922 salis
1472 892 1569 923 locate
1584 893 1613 923 in
1632 893 1745 924 Striue-

323 960 389 1000 ling
415 970 470 1000 pro
495 958 599 988 mertis
624 957 769 988 salsandis
791 957 822 998 xj
839 956 862 986 fi
877 956 930 997 xiij
949 960 960 985 ἐ
976 956 1018 998 iiij
1037 959 1067 986 d.
1118 957 1195 987 Item
1223 958 1314 998 empt'
1341 958 1370 997 vj
1400 957 1480 988 bolle
1505 958 1526 999 ij
1554 958 1651 989 firlote
1677 960 1746 990 salis

321 1024 399 1065 nigri
417 1035 435 1054 v
450 1024 471 1054 fi
487 1023 529 1064 iiij
548 1027 571 1054 ἓ.

367 1092 436 1121 Dm
455 1091 572 1120 SABo'rl
589 1090 642 1120 xix
660 1090 848 1121 Decembris.

366 1157 433 1187 Dm
450 1157 630 1186 Doleco
647 1167 689 1185 xx
707 1155 896 1186 Decembris.

365 1224 430 1252 Du:
446 1223 546 1252 LUNE
565 1222 618 1252 xxi
637 1222 826 1253 Decembris.
874 1221 976 1262 Empt’
994 1221 1033 1262 vij
1052 1221 1185 1252 brokatis
1201 1222 1324 1253 marine.

371 1290 447 1320 Item
471 1289 558 1319 solut’
586 1300 638 1330 per
668 1288 879 1318 Rotulatorem
905 1287 1002 1317 onri
1030 1287 1251 1319 Dennestoune
1282 1289 1479 1320 commoranti
1512 1289 1544 1319 in
1579 1289 1747 1330 Linlithqw

318 1367 374 1396 pro
399 1355 541 1396 expensis
566 1354 693 1384 Domini
712 1353 807 1395 Regis
833 1353 997 1394 equitantis
1020 1353 1098 1384 inter
1127 1354 1309 1396 Edinburgh
1336 1361 1366 1386 et
1391 1355 1557 1397 Striueling
1571 1356 1746 1386 festinanter

324 1422 418 1454 tribus
434 1422 560 1458 vicibus,
584 1421 614 1451 in
630 1421 769 1462 panibus,
793 1421 929 1458 ceruisia,
947 1420 1137 1456 carbonibus,
1155 1420 1299 1457 candelis,
1327 1426 1357 1452 et
1373 1421 1513 1451 omnibus
1529 1421 1594 1452 aliis
1608 1422 1743 1458 minutis,

323 1494 355 1518 vt
370 1492 453 1529 patet
468 1487 499 1517 in
515 1487 644 1528 quadam
660 1486 777 1517 Cedula
791 1486 870 1517 dicte
886 1486 987 1516 vxoris
1003 1491 1123 1516 ostensa
1137 1496 1227 1527 super
1242 1486 1437 1528 Compotum,
1455 1487 1484 1527 vj
1501 1486 1534 1516 fi.

364 1554 433 1583 Dm
450 1553 584 1582 MAnrls
609 1552 675 1581 xxii
704 1551 893 1582 Decembris.
942 1551 1044 1593 Empt’
1074 1550 1159 1592 xlviij
1192 1558 1287 1582 merte
1314 1563 1383 1582 cum
1409 1552 1511 1582 corriis
1535 1553 1565 1582 iu
1592 1553 1743 1589 nundinis,

321 1619 405 1660 pricii
420 1618 505 1655 varii,
527 1618 652 1648 Summa
665 1617 773 1658 lxxxiij
791 1617 824 1654 ii,
840 1617 938 1648 locate
954 1617 984 1647 in
1001 1616 1159 1647 lardinaria
1178 1617 1358 1659 Edinburgi.
1399 1617 1476 1648 Item
1492 1618 1602 1648 intrate
1617 1629 1636 1647 v
1651 1625 1745 1648 merte

323 1684 513 1726 proprietatis
529 1683 565 1714 de
586 1683 765 1713 Kinclewin.
804 1682 905 1723 Empt‘
922 1682 942 1723 ij
960 1682 1041 1712 bolle
1056 1682 1127 1712 salis
1142 1682 1231 1723 nigri,
1250 1682 1376 1724 pricium
1393 1683 1479 1724 xxxij
1498 1687 1520 1714 ἐ.
1558 1683 1635 1713 Item
1652 1685 1743 1724 empt'

324 1750 375 1791 viij
394 1750 475 1780 bolle
491 1749 561 1779 salis
576 1749 647 1786 albi,
672 1748 799 1789 pricium
814 1748 846 1777 xl
862 1752 883 1777 ἓ.

368 1816 434 1845 Dm
463 1814 637 1844 MERcunn
665 1814 743 1844 xxiii
761 1813 949 1844 Decembris.
998 1813 1099 1854 Empt⁷
1115 1825 1188 1856 erga
1204 1814 1315 1845 Natale
1331 1826 1373 1844 xx
1388 1821 1471 1856 petre
1494 1815 1596 1852 butiri,
1620 1816 1745 1856 pricium

325 1888 407 1923 petre
423 1881 453 1911 ix
470 1885 492 1911 ἒ.
539 1880 631 1910 Item,
643 1880 734 1921 empt’
761 1890 780 1908 x
807 1884 892 1919 petre
915 1878 987 1909 casii
1009 1879 1040 1919 iij
1057 1879 1090 1916 ii,
1115 1880 1175 1921 31th
1192 1891 1250 1911 oua
1266 1881 1306 1921 vij
1324 1880 1346 1911 li
1361 1892 1381 1911 x
1397 1885 1421 1918 ἓ,
1441 1881 1484 1922 jen
1499 1881 1563 1922 pira
1578 1892 1642 1911 xxx
1657 1886 1679 1918 ὲ,
1701 1880 1744 1923 jffl

325 1950 389 1991 pira
404 1949 435 1979 xl
451 1953 473 1986 ἓ,
497 1948 547 1989 ij<n
564 1959 653 1990 poma
667 1947 698 1988 iij
715 1947 748 1976 ii.

371 2016 449 2046 Item
464 2014 553 2045 ‘solut'
569 2025 622 2055 per
640 2013 851 2044 Rotulatorem
866 2013 897 2042 in
912 2013 1011 2054 gagiis
1026 2013 1142 2053 xxxviij
1160 2024 1354 2055 personarum
1369 2013 1588 2044 remanentium
1605 2014 1635 2044 in
1654 2014 1747 2044 Edin-

327 2080 426 2122 burgh
442 2085 471 2110 et
488 2079 653 2120 Striueling
669 2090 686 2109 a
701 2079 767 2119 iiij¹⁰
785 2078 963 2108 Decembris
987 2078 1133 2109 iuclusiue
1153 2089 1247 2119 vsque
1272 2078 1404 2119 xxiiijtum
1427 2079 1559 2109 eiusdem
1582 2079 1744 2116 exclusiue,

330 2146 382 2187 qui
398 2151 468 2175 sunt
484 2144 591 2185 viginti
608 2144 681 2180 dies,
699 2143 834 2184 qualibet
850 2155 977 2185 persona
993 2144 1130 2185 capiente
1145 2145 1198 2184 xvj
1215 2146 1244 2181 ἃ,
1270 2144 1395 2175 Summa
1409 2144 1419 2174 l
1435 2144 1457 2174 ii
1475 2144 1525 2185 xiij
1543 2148 1554 2173 Ξ
1572 2144 1612 2185 iiij
1629 2148 1657 2174 d.

374 2211 451 2242 Item
466 2210 553 2240 solut’
569 2210 599 2239 in
626 2209 724 2250 gagiis
750 2209 973 2250 quinquaginta
999 2220 1191 2250 personarum
1215 2210 1435 2241 remanentium
1461 2216 1546 2241 extra
1564 2210 1745 2241 domicilium

328 2289 381 2319 per
396 2276 507 2306 dictum
525 2282 643 2316 tempus
659 2275 842 2316 capientium
857 2275 898 2316 xij
916 2278 944 2312 d,
971 2276 1095 2305 Summa
1109 2275 1119 2304 l
1135 2275 1166 2305 ii.

372 2343 438 2373 Dm
455 2342 551 2372 Joms
568 2340 653 2371 xxiiii
673 2340 859 2372 Decembris.
909 2342 1020 2380 Viffl'lz'a
1035 2342 1159 2372 Ναίαῖίε
1174 2342 1310 2371 Domini.
