1861 2703
177 282 279 314 15‘25.
655 273 810 309 REGIS
837 272 1025 309 JACOBI
1054 272 1098 306 V.
1563 276 1586 306 5

173 374 296 421 cxpen’
322 374 357 406 in
384 370 524 406 ceruifia
542 371 586 418 iiij
607 370 722 417 lagine
740 370 774 417 iij
795 375 917 416 quarte
936 369 1076 404 ceruilie
1104 381 1115 402 l
1143 373 1177 402 et
1203 368 1245 402 fic
1276 368 1402 402 restant
1420 368 1452 415 vj
1474 368 1588 413 lagine

167 453 181 499 j
202 455 324 498 quarta
342 448 493 485 ceruisle.
546 455 761 492 COQUINA.
799 448 916 495 Empt’
944 448 964 494 ij
993 452 1103 481 merto
1128 447 1284 481 herbales
1303 447 1336 493 iij
1355 447 1380 481 fi
1399 447 1444 493 iiij
1465 452 1479 481 Ξ
1508 460 1518 480 s
1547 447 1589 480 de

172 528 295 574 quibus
313 528 437 574 expen'
449 527 464 574 J
484 532 596 562 morta
608 527 622 574 j
643 532 766 573 quarta
793 540 804 560 l
832 532 867 561 et
887 525 931 561 fic
949 526 1076 561 restant
1093 526 1126 572 iij
1148 531 1269 571 quarte
1288 530 1398 560 inerte
1417 525 1565 559 herbulis
1579 539 1589 559 l

173 606 263 640 Item
283 607 388 652 empt'
406 617 452 640 xv
470 610 658 640 mutounes
676 605 710 652 iij
730 606 754 640 ii
773 605 840 652 xvij
862 610 876 640 Ξ
894 605 926 652 vj
942 605 966 639 d
986 618 996 638 s
1010 605 1024 651 j
1045 604 1176 638 vitulus
1195 616 1341 650 magnus
1355 603 1399 651 xij
1421 609 1435 637 ἔ
1454 617 1465 637 s
1485 603 1506 649 ij
1527 603 1591 636 lin-

170 696 240 730 gue
258 683 379 718 bouini
395 696 406 717 Ι
421 683 442 730 ij
456 683 537 729 agni
549 683 594 730 vij
612 689 626 718 ἔ
646 683 702 730 viij
718 683 743 718 d
757 696 768 717 l
784 683 817 730 iij
834 683 920 717 libre
935 683 1010 730 cepi
1024 683 1069 729 xij
1085 683 1109 718 d
1125 696 1135 717 t
1151 688 1186 717 et
1200 684 1324 729 expen'
1345 696 1355 716 s
1377 682 1468 716 Item
1484 681 1590 729 empt’

172 763 206 796 lx
225 761 342 808 pultre
357 775 368 796 s
388 761 446 808 xiij
467 773 616 808 capones
630 774 640 795 1
656 761 750 807 xxiiij
771 761 933 808 pluuiarij
955 761 994 807 [j
1015 773 1097 794 anas
1116 759 1310 807 campestris
1330 773 1341 793 l
1361 760 1396 794 lx
1415 773 1483 794 oua
1502 774 1513 794 s
1533 759 1589 805 viij

173 839 259 873 libre
274 839 380 873 butiri
401 839 453 886 [Γ
471 839 546 886 pira
559 844 594 873 et
612 852 716 886 poma
735 852 746 873 s
765 839 801 873 in
820 839 928 873 ordeo
949 852 959 872 t
980 844 1013 872 et
1033 839 1124 885 cepis
1143 852 1154 872 s
1174 838 1257 884 varij
1272 838 1377 884 precij
1408 852 1419 871 l
1448 838 1592 872 Summa

174 917 206 962 iij
220 917 244 951 ii
263 918 296 950 ix
312 921 327 951 ἔ
344 917 401 963 viij
421 917 446 952 d
472 930 483 951 t
512 921 547 950 et
565 918 699 963 expen'.

645 994 788 1028 Summa
805 994 863 1041 xiij
883 994 909 1028 ii
927 993 1008 1040 xviij
1029 999 1043 1029 ἔ
1062 1006 1081 1028 v
1100 994 1134 1028 d.

222 1156 303 1185 DIE
328 1155 455 1185 LUNE
482 1149 542 1183 xxi
568 1149 728 1196 Augusti.
782 1155 1029 1185 PANETRIA.
1066 1149 1123 1183 De
1152 1150 1352 1196 preintratis
1372 1163 1383 1183 s
1403 1151 1528 1196 expen'
1558 1151 1594 1184 iu

172 1228 319 1276 prandio
338 1228 429 1275 apud
443 1227 558 1262 Peblis
570 1227 598 1274 jc
616 1228 747 1274 lxxxxij
762 1240 868 1274 panes
888 1241 898 1261 s
918 1233 952 1262 et
966 1226 1008 1261 fic
1027 1240 1114 1273 eque
1129 1240 1228 1273 eque.
1281 1234 1593 1264 BUTELLARIA.

175 1307 310 1353 Expen'
327 1306 359 1353 vj
377 1306 491 1352 lagine
504 1307 518 1353 j
539 1312 663 1352 quarta
679 1305 819 1341 ceruifie
840 1319 851 1340 1
870 1311 905 1340 et
918 1304 961 1339 {ic
976 1305 1103 1339 reflant
1117 1318 1205 1351 eque
1224 1318 1322 1352 eque.
1377 1313 1590 1349 COQUINA.

175 1385 232 1419 De
268 1385 468 1431 preintratis
487 1398 498 1418 l
519 1385 643 1431 expen'
661 1384 694 1430 iij
725 1389 847 1430 quarte
874 1388 986 1418 merte
1006 1397 1017 1417 l
1037 1388 1070 1417 et
1099 1382 1142 1417 fic
1161 1397 1248 1429 eque
1275 1398 1286 1417 l
1318 1384 1408 1419 Item
1428 1385 1533 1432 empt'
1547 1386 1591 1432 vij

176 1468 337 1496 mutones
355 1463 460 1509 xxxvj
481 1468 495 1497 ἓ
514 1463 534 1509 ij
555 1463 578 1497 d
598 1463 636 1509 sj
657 1475 768 1508 agnus
786 1462 818 1508 iij
840 1467 855 1497 ἔ
874 1462 912 1509 lj
933 1467 1056 1507 quarta
1074 1462 1172 1509 vitulj
1193 1463 1308 1508 magnj
1329 1463 1362 1509 iij
1383 1469 1399 1497 ἔ
1416 1464 1447 1509 vj
1467 1464 1491 1498 d
1518 1478 1529 1497 s
1559 1469 1593 1498 et

176 1542 298 1586 expen'
318 1553 328 1573 l
361 1540 451 1574 Item
479 1541 584 1586 empt'
598 1552 668 1574 xxx
686 1540 802 1586 pultre
828 1553 839 1573 l
864 1552 886 1574 v
907 1552 1055 1586 capones
1075 1553 1086 1573 l
1106 1552 1152 1574 xv
1170 1540 1331 1587 pluuiarij
1354 1555 1364 1574 s
1385 1542 1420 1575 lx
1439 1555 1507 1576 oua
1526 1543 1593 1590 sblx

175 1630 278 1664 poma
297 1631 307 1651 t
327 1618 360 1664 iij
377 1618 463 1652 libre
482 1617 585 1664 butirj
607 1630 618 1651 l
637 1618 673 1651 in
692 1618 800 1652 ordeo
821 1631 832 1651 l
853 1618 998 1664 cenapio
1019 1632 1029 1652 J
1052 1623 1086 1652 et
1105 1619 1196 1665 cepis
1213 1632 1222 1652 l
1238 1619 1322 1666 varij
1343 1620 1448 1666 precij
1465 1634 1475 1654 l
1492 1620 1591 1655 Sum-

174 1709 229 1730 ma
249 1696 352 1742 xxxvj
373 1701 388 1731 ἔ
405 1695 462 1742 viij
482 1696 505 1730 d
529 1708 540 1729 s
574 1700 608 1730 et
627 1697 761 1742 expen'.

223 1857 386 1886 EODEM
412 1857 494 1886 DIE
516 1863 526 1884 t
546 1850 646 1885 finito
660 1851 809 1898 prandio
821 1851 856 1885 in
874 1851 988 1885 Peblis
1008 1865 1019 1885 s
1040 1852 1216 1886 Dominus
1232 1852 1313 1887 Rex
1331 1855 1500 1899 equitauit
1518 1867 1593 1889 ver-

175 1929 227 1962 sus
264 1928 471 1974 Edinburgh
506 1929 542 1962 in
573 1941 669 1963 cena.
734 1935 988 1965 PANETRIA.
1037 1930 1154 1977 Empt'
1195 1943 1257 1976 per
1289 1930 1474 1965 valterum
1511 1934 1592 1967 Scot

174 2004 363 2051 pistoremj
384 2005 500 2039 celdra
514 2005 681 2040 frumenti
695 2019 706 2039 s
721 2007 816 2052 price
830 2006 922 2040 bolle
942 2007 1023 2054 xxiij
1038 2013 1052 2041 ἔ
1072 2021 1082 2040 l
1104 2008 1246 2042 Summa
1263 2009 1321 2042 xix
1336 2009 1360 2043 fi
1379 2010 1424 2055 iiij
1446 2015 1470 2044 Ξ.
1500 2010 1591 2045 Item

176 2084 281 2129 empt’
302 2095 364 2129 per
393 2083 668 2129 Rotulatoremj
690 2083 808 2117 celdra
825 2084 882 2130 viij
903 2084 996 2119 bolle
1014 2085 1179 2132 frumentj
1202 2099 1212 2119 s
1232 2087 1326 2133 price
1345 2086 1437 2121 bolle
1456 2089 1527 2135 xxij
1549 2095 1563 2124 ἔ
1580 2104 1589 2122 s

177 2161 320 2194 Summa
336 2162 418 2207 xxvj
437 2161 462 2194 ii
482 2160 539 2207 viij
560 2166 575 2195 ἔ
595 2174 605 2194 l
625 2160 760 2196 liberat'
780 2162 875 2196 dieto
895 2162 1042 2197 Valtero
1062 2163 1144 2198 Scot
1173 2177 1183 2197 l
1211 2164 1253 2198 de
1273 2165 1396 2210 quibus
1419 2178 1591 2212 prouene-

173 2243 257 2272 runt
270 2238 305 2272 in
320 2237 466 2284 panibus
481 2250 560 2273 cum
576 2238 608 2273 le
624 2239 755 2274 cherite
770 2253 780 2274 κ
795 2240 936 2288 dempta
948 2241 1103 2276 multura
1119 2255 1129 2275 l
1143 2242 1186 2276 de
1201 2242 1376 2277 dominico
1391 2249 1425 2278 et
1439 2244 1589 2278 secundo

174 2316 242 2362 iij‘o
263 2316 309 2362 iijc
327 2316 362 2350 xl
381 2329 487 2363 panes
507 2330 518 2352 l
539 2317 581 2353 de
609 2318 733 2363 quibus
761 2320 885 2366 expen'
904 2320 940 2354 in
958 2332 1044 2355 cena
1062 2326 1112 2355 vxx
1132 2333 1236 2367 panes
1263 2334 1273 2354 s
1304 2321 1393 2356 Item
1414 2324 1537 2369 expen’
1555 2324 1589 2357 in

1618 1947 1757 1975 Edinburgh
