1861 2703
153 1504 289 1533 Linlithqw.

310 226 378 257 ‘218
771 223 930 259 LIBER
958 225 1236 261 DOMICILII
1615 231 1719 268 15Q9,

308 319 390 353 uifie
418 333 428 353 s
458 319 549 353 Item
568 320 673 365 empt'
692 319 724 366 vj
738 320 855 367 lagine
874 320 1014 355 ceruifie
1034 334 1056 355 x
1070 326 1085 356 ἔ
1100 335 1111 356 t
1128 327 1162 356 et
1174 323 1308 369 expen’.
1362 328 1576 365 COQUINA.
1605 323 1723 371 Empt'

309 397 369 443 iiijc
386 396 494 430 alleca
513 395 552 442 sj
573 395 680 430 salmo
702 410 712 430 s
731 397 780 444 ἦ]Ἐ
798 397 978 445 sperlingis
998 412 1009 432 s
1022 399 1051 445 jc
1068 399 1104 433 lx
1122 400 1279 446 peetines
1310 413 1321 434 l
1347 400 1361 447 j
1392 401 1573 447 congureil
1590 415 1601 436 s
1616 402 1721 448 xxxvj

309 474 375 521 albj
396 473 503 521 pisces
517 487 528 508 l
542 474 563 521 ij
582 474 663 521 lucij
686 488 696 509 s
715 475 749 522 ijc
768 488 836 510 oua
863 490 875 510 l
904 476 951 510 Et
970 477 1127 511 Domino
1148 477 1238 523 Regi
1253 478 1346 524 apud
1362 477 1555 524 Linlithqw
1574 479 1618 525 vij
1639 492 1725 514 auce

311 552 494 587 domestice
508 565 519 586 t
535 553 596 599 viij
612 552 909 599 pulligallinarum
930 567 940 588 s
960 554 1006 601 xij
1027 555 1142 601 pultre
1161 568 1173 589 l
1188 568 1211 588 x
1223 568 1372 602 capones
1389 567 1397 590 Ι
1414 555 1470 602 xvj
1486 555 1648 603 pluuiarij
1670 570 1681 590 s
1702 557 1721 603 ij

311 636 429 665 anates
449 643 460 664 s
479 631 514 664 in
533 631 645 678 pomis
665 644 676 664 l
696 631 778 678 piris
799 644 809 665 s
828 632 914 678 variJ'
934 632 1039 678 precij
1070 645 1080 665 s
1110 632 1254 666 Summa
1283 638 1322 666 ut
1350 632 1453 667 latius
1471 633 1671 667 continetur
1690 634 1725 667 in

311 708 400 742 libro
420 715 640 755 empotorum
668 708 726 755 viij
746 709 771 743 fi
790 722 835 742 xx
855 709 878 744 d
898 722 908 742 s
930 715 964 743 et
982 713 1105 756 expen’
1134 723 1144 743 l
1175 710 1265 744 Item
1298 710 1340 744 de
1370 710 1571 757 preintratis
1602 711 1725 757 expen’

311 787 357 834 vij
376 785 484 833 girlfis
504 800 515 820 s
535 792 568 820 et
586 785 629 820 fic
648 799 734 832 eque
755 799 766 820 l
796 786 885 821 Item
907 789 1030 833 expen’
1051 787 1093 821 de
1111 787 1312 833 preintratis
1327 787 1384 834 viij
1405 786 1575 822 salmones
1592 786 1670 834 salsj
1691 788 1725 834 iij

205 889 224 904 ω
244 888 282 910 ng.
313 870 435 910 quarte
456 877 466 898 s
486 865 568 911 xviij
588 864 749 898 mulones
779 865 866 911 aridj
896 878 906 898 s
935 870 969 899 et
986 864 1029 898 fic
1048 864 1175 899 restant
1203 865 1295 912 apud
1325 865 1517 911 Striueling
1534 865 1582 912 iijc
1600 865 1632 912 xj
1652 878 1726 900 mu-

313 943 412 976 lones
428 942 451 989 ij
471 947 593 988 quarte
611 941 696 988 aridj
719 955 730 975 l
749 942 794 988 xij
815 940 985 976 salmones
1007 942 1021 988 j
1051 948 1174 988 quarta
1199 942 1273 990 sall]
1304 957 1314 977 s
1344 943 1434 977 Item
1464 946 1569 990 empt'
1588 943 1609 990 ij
1631 949 1728 990 petre

313 1020 357 1066 vij
379 1019 464 1054 libre
481 1019 587 1065 butirj
609 1020 667 1052 xix
686 1023 701 1053 ἔ
718 1022 751 1066 vj
772 1020 796 1054 d
815 1033 825 1053 s
845 1025 879 1054 et
911 1023 1035 1066 expen’
1054 1020 1076 1067 ij
1096 1025 1195 1067 petre
1213 1020 1317 1068 butirj
1347 1034 1358 1055 l
1386 1027 1421 1056 ot
1450 1020 1492 1055 fic
1523 1021 1649 1056 restant
1679 1022 1726 1069 vij

312 1097 438 1144 petrej
458 1097 545 1131 libra
564 1097 681 1143 butirj.

792 1174 935 1209 Summa
952 1175 987 1209 ix
1004 1176 1029 1210 ii
1047 1188 1092 1210 xv
1111 1180 1125 1210 ἓ
1143 1175 1200 1222 viij
1221 1176 1254 1210 d.

364 1337 446 1368 DIE
471 1337 602 1367 JOUIS
630 1332 677 1365 vii
706 1331 884 1366 oetobris.
946 1336 1198 1367 PANETRIA.
1251 1330 1309 1365 De
1337 1331 1538 1377 preintratis
1564 1345 1575 1366 t
1605 1335 1729 1379 expen’

313 1409 349 1456 lij
370 1422 476 1456 panes
497 1423 507 1443 t
527 1415 562 1443 et
579 1408 622 1444 fic
640 1409 768 1444 restant
780 1409 830 1456 j(D
843 1409 871 1456 jc
889 1409 949 1444 xlv
966 1421 1073 1456 panes
1091 1409 1184 1455 apud
1203 1408 1396 1455 Striueling
1424 1421 1432 1444 ι
1462 1409 1552 1444 Item
1571 1410 1676 1456 empt'
1695 1410 1730 1443 in

316 1487 509 1533 Linlithqw
530 1487 565 1534 ijc
583 1500 690 1534 panes
710 1501 720 1522 l
741 1488 886 1534 pricium
905 1487 941 1521 xl
960 1491 975 1522 's‘
995 1500 1005 1521 t
1026 1487 1068 1521 de
1086 1486 1210 1532 quibus
1228 1488 1353 1533 expen’
1372 1487 1399 1534 jc
1429 1500 1452 1520 x
1477 1499 1584 1534 panes
1604 1500 1614 1520 t
1635 1492 1669 1521 et
1686 1485 1729 1521 fic

315 1564 443 1599 restant
461 1571 512 1599 νΧΧ
531 1578 553 1599 x
571 1578 689 1612 panes.
741 1570 1027 1600 BUTELARIA.
1070 1563 1126 1598 De
1145 1563 1287 1597 cernifia
1300 1564 1494 1610 preintrata
1507 1577 1518 1598 t
1532 1567 1655 1611 expen'
1669 1565 1727 1612 xiij

315 1643 431 1690 lagine
450 1641 590 1678 ceruifie
612 1657 623 1678 1
643 1649 677 1678 ot
695 1643 737 1678 fic
756 1643 883 1677 restant
902 1643 936 1689 iJ'c
954 1641 1059 1688 xxxvj
1079 1641 1194 1687 lagine
1226 1641 1258 1688 iij
1288 1647 1410 1687 quarte
1429 1641 1569 1676 ceruifie
1598 1655 1608 1675 s
1637 1642 1729 1676 Item

319 1724 424 1767 empt'
443 1721 611 1768 lxxxxviij
639 1721 755 1767 lagine
783 1719 923 1755 ceruilie
956 1734 966 1754 s
999 1720 1145 1767 pricium
1176 1719 1209 1766 vj
1241 1720 1266 1753 li
1284 1721 1341 1766 xvj
1361 1725 1376 1755 ἔ
1394 1719 1450 1766 viij
1470 1720 1494 1754 d
1513 1733 1523 1753 Ι
1545 1720 1587 1754 de
1605 1720 1729 1766 quibus

318 1799 443 1846 expen’
461 1799 555 1846 xxxij
575 1799 690 1845 lagine
708 1799 729 1846 ij
749 1804 872 1844 quarte
891 1796 1031 1832 ceruifie
1052 1811 1063 1831 s
1083 1803 1117 1832 et
1135 1797 1177 1831 fic
1204 1797 1330 1832 restant
1356 1797 1414 1831 lxv
1432 1797 1548 1844 lagine
1566 1798 1588 1844 ij
1608 1804 1729 1844 quarte

317 1875 467 1911 eeruifie.
521 1881 734 1918 COQUINA.
776 1875 833 1910 De
859 1876 1059 1922 preintratis
1079 1889 1090 1909 l
1110 1877 1233 1922 expen'
1260 1876 1295 1909 in
1327 1875 1502 1909 domicilio
1534 1882 1567 1909 et
1586 1876 1730 1911 liberate

318 1953 526 2000 Fratribusj
546 1959 658 1987 merta
676 1953 723 2000 ijz}
741 1958 864 2000 quarte
881 1952 961 1987 salse
981 1966 992 1987 s
1012 1959 1047 1987 et
1077 1952 1118 1987 fic
1148 1952 1275 1987 restant
1305 1954 1396 1999 apud
1431 1954 1622 2000 &itriueling
1648 1954 1728 2001 xxvj

319 2036 428 2065 inerte
447 2031 469 2077 ij
489 2036 613 2077 quarte
631 2037 742 2065 merte
771 2044 781 2064 t
812 2030 903 2065 Item
923 2033 1048 2077 expen’
1067 2043 1088 2065 v
1107 2036 1270 2065 mutones
1288 2040 1307 2077 ὲ
1326 2038 1449 2076 quarta
1476 2045 1486 2064 l
1517 2031 1605 2066 Item
1626 2033 1730 2078 empt'

320 2198 469 2232 capones
489 2199 499 2219 t
520 2185 552 2232 iij
573 2198 658 2220 auce
677 2185 860 2220 domestice
880 2198 891 2219 t
909 2185 980 2232 xxij
1000 2185 1299 2232 pulligallinarum
1320 2198 1331 2219 s
1349 2186 1406 2232 xvj
1436 2186 1553 2233 pultre
1573 2199 1584 2220 l
1603 2189 1637 2234 xj
1656 2187 1730 2234 plu-

322 2263 420 2310 uiarij
443 2276 452 2297 s
472 2263 507 2297 in
535 2263 642 2297 ordeo
662 2276 673 2297 l
692 2262 759 2297 sale
779 2276 790 2297 t
808 2264 920 2310 pomis
952 2276 962 2297 s
992 2263 1076 2309 piris
1096 2276 1106 2296 s
1126 2262 1241 2298 butiro
1262 2276 1272 2297 s
1292 2268 1327 2298 et
1345 2263 1440 2298 caseo
1461 2277 1472 2297 s
1491 2264 1575 2310 varij
1596 2264 1699 2310 precij
1718 2277 1728 2297 l
