1861 2703
174 218 278 250 1523,
693 210 849 246 REGIS
875 210 1064 248 JACOBI
1094 213 1138 248 V.
1530 221 1599 258 199

171 311 272 346 dietis
291 309 387 355 equis
406 320 468 356 per
487 307 621 342 dietum
640 313 778 355 tempus
797 308 854 355 viij
877 313 892 344 ἔ
910 308 956 354 iiij
976 308 1001 343 d
1028 323 1040 344 l
1070 308 1161 344 Item
1181 309 1282 346 solut’
1300 312 1336 346 in
1359 325 1448 359 pane
1467 315 1595 360 equino

170 389 305 424 duobus
324 387 469 434 Dominj
494 386 603 433 Regis
622 385 655 433 iij
677 390 692 420 ἔ
709 387 757 434 iiij
778 387 803 422 d
830 400 842 422 t
869 388 963 422 Item
983 389 1108 436 expen’
1126 388 1228 436 super
1247 403 1317 425 vno
1336 404 1427 438 equo
1448 391 1595 440 Dominj

170 467 279 513 Regis
297 470 500 501 remanente
519 465 556 499 in
575 465 783 512 Edinburgh
804 479 824 499 a
841 466 925 512 xxiij
943 466 1115 501 Oetobris
1133 467 1238 514 vsque
1258 469 1493 516 penultimum
1514 470 1597 505 eius-

169 545 248 579 dem
267 542 438 579 exelufiue
459 557 470 577 s
489 543 546 591 quj
567 542 646 578 sunt
663 544 698 578 ix
718 544 790 578 dies
811 558 821 578 l
842 545 1028 592 capientej
1045 545 1173 580 boll-dm
1195 546 1217 592 ij
1236 559 1358 593 peccas
1375 560 1568 583 auenarum
1585 562 1596 583 l

168 623 315 670 pricium
334 623 379 670 xij
399 626 414 656 ἔ
441 635 452 655 s
482 621 573 657 Item
592 623 627 656 in
645 622 755 668 gagijs
781 622 850 669 fenj
883 622 978 657 dieto
998 635 1089 668 equo
1109 623 1142 670 iij
1165 629 1180 659 ἔ
1208 637 1219 658 s
1249 624 1295 658 Et
1314 624 1416 672 super
1434 626 1479 673 vij
1500 628 1596 673 equis

170 701 304 747 magnis
324 700 468 747 Dominj
494 700 601 746 Regis
629 700 892 735 remanentibus
911 700 945 734 iu
965 700 1160 747 Striueling
1190 715 1210 735 a
1239 702 1340 749 xviijo
1360 702 1528 738 OStobris
1546 705 1597 738 in-

169 779 296 815 clufiue
316 779 419 825 vsque
438 779 590 826 primum
610 778 825 812 Nouembris
844 778 1017 813 exclufiue
1039 792 1049 813 s
1069 781 1126 826 quj
1148 779 1226 814 sunt
1245 779 1318 827 xiiij
1338 781 1411 815 dies
1430 795 1442 815 s
1461 783 1597 828 capien-

169 858 261 892 tibus
280 857 454 903 duplicem
475 855 671 891 mensuram
692 870 703 890 l
724 856 941 903 capientibus
959 857 1004 902 xij
1027 856 1137 890 bollas
1158 858 1172 903 j
1205 857 1356 892 firlotam
1375 872 1566 894 auenarum
1586 874 1593 894 t

169 936 317 983 pricium
336 935 428 969 bolle
447 935 491 981 vij
512 939 526 968 Ξ
553 947 566 968 l
593 935 738 968 Summa
756 933 802 980 iiij
824 935 847 968 ii
867 947 886 968 v
907 939 922 969 Ξ
940 935 974 969 ix
993 935 1017 969 d
1043 948 1053 968 s
1083 935 1175 969 Item
1196 935 1296 970 solut’
1329 938 1365 970 in
1396 938 1506 984 gagijs
1524 939 1593 985 fenj

171 1014 274 1048 dietis
304 1013 400 1059 equis
430 1025 493 1059 per
524 1012 614 1046 idem
646 1017 783 1059 tempus
812 1012 1028 1059 cupientibus
1059 1013 1079 1060 ij
1100 1018 1115 1048 ἔ
1145 1013 1190 1061 iiij
1211 1014 1235 1049 d
1264 1015 1299 1048 in
1332 1015 1386 1049 die
1415 1028 1425 1050 l
1453 1016 1597 1051 Summa

169 1092 262 1139 xxxij
283 1097 298 1127 ’ἑ
316 1091 373 1138 viij
393 1091 417 1126 d
444 1104 454 1125 s
483 1091 577 1126 Item
596 1089 697 1124 solut’
716 1090 752 1124 in
778 1090 884 1125 feodo
903 1090 1036 1138 Stabulj
1066 1105 1237 1137 equorum
1269 1092 1539 1140 prescriptorum
1559 1096 1595 1129 in

170 1169 380 1216 Ediuburgh
399 1182 461 1216 per
480 1169 572 1203 idem
591 1174 729 1215 tempus
748 1169 780 1216 vj
801 1173 815 1203 Ξ
832 1168 854 1215 ij
874 1169 898 1204 d
925 1182 936 1203 l
964 1169 1056 1203 Item
1074 1169 1175 1204 solut'
1194 1183 1259 1218 pro
1277 1171 1407 1218 pabulo
1426 1174 1596 1220 quinqua—

169 1250 268 1296 ginta
285 1254 320 1282 et
338 1248 493 1294 quinque
511 1260 683 1294 equorum
703 1247 926 1282 familiarium
953 1247 1100 1295 Domi'nj
1121 1250 1385 1285 remanencium
1417 1251 1454 1285 iu
1483 1264 1594 1298 grano

169 1328 328 1374 gramine
347 1340 367 1361 a
385 1329 418 1374 xj
440 1326 608 1362 octobris
639 1325 805 1361 inclufiue
834 1324 937 1372 vsque
965 1326 1118 1373 primum
1147 1326 1362 1362 Nouembris
1396 1329 1594 1365 exclufiuet

170 1406 227 1453 quj
260 1405 339 1440 sunt
366 1407 424 1452 xxj
458 1405 531 1439 dies
559 1418 570 1439 l
604 1404 820 1451 capiencium
845 1404 939 1451 xxvij
960 1409 975 1439 Ξ
993 1407 1025 1451 vj
1047 1405 1124 1439 din
1142 1405 1198 1439 die
1226 1419 1237 1439 l
1267 1406 1410 1442 Summa
1441 1408 1547 1455 xxviij
1568 1409 1594 1443 ii

169 1485 239 1531 xvij
259 1488 274 1518 ἔ
294 1484 324 1531 vj
345 1485 369 1519 d
397 1497 408 1517 l
438 1484 529 1518 Item
548 1482 650 1518 solut’
680 1484 716 1518 in
744 1483 855 1530 gagijs
873 1483 1025 1517 duorum
1040 1483 1269 1518 *verletorum
1300 1484 1456 1533 Magistrj
1477 1488 1595 1521 auerie

170 1575 231 1610 per
250 1563 319 1610 xvij
337 1562 409 1597 dies
429 1575 440 1596 s
460 1562 677 1609 capiencium
697 1562 733 1595 in
752 1561 807 1595 die
825 1574 872 1596 xx
889 1562 913 1597 d
940 1575 951 1595 s
980 1562 1124 1596 Summa
1142 1563 1250 1609 xxviij
1266 1568 1282 1598 ἕ
1299 1563 1346 1611 iiij
1367 1565 1391 1600 d
1410 1578 1421 1599 s
1449 1564 1538 1599 Item
1558 1566 1594 1599 in

169 1642 280 1689 gagijs
298 1641 472 1677 Johannis
492 1641 636 1688 Spretty
656 1641 870 1676 remanentis
887 1640 931 1675 ad
950 1646 1050 1674 extra
1068 1653 1130 1687 per
1148 1641 1180 1687 vj
1202 1641 1275 1676 dies
1293 1642 1353 1689 viij
1373 1648 1398 1678 ἒ.

530 1719 674 1754 Summa
692 1719 840 1766 pecunie
859 1719 966 1753 xxxix
983 1719 1007 1753 ii
1026 1719 1108 1766 xviij
1129 1724 1143 1754 ἔ
1162 1733 1180 1755 v
1200 1720 1234 1755 d.

219 1877 344 1912 Pmmo
366 1876 607 1912 Noumfflms.
661 1876 762 1922 Rege
789 1881 993 1910 remanente
1020 1876 1056 1909 in
1088 1875 1299 1922 Edinburgh
1319 1890 1330 1911 s
1350 1879 1474 1924 expen’
1492 1877 1594 1926 super

170 1970 190 1990 v
209 1957 304 2002 equis
324 1956 469 2002 Dominj
492 1955 601 2001 Regis
620 1968 630 1988 Ι
655 1954 676 2001 ij
699 1953 855 2001 Magistrj
878 1954 1012 1988 Auerie
1045 1967 1055 1987 s
1087 1954 1108 2000 ij
1140 1954 1289 2002 Robertj
1309 1954 1382 1990 Gib
1401 1969 1412 1989 l
1432 1969 1471 1990 ae
1498 1958 1594 2003 equis

171 2034 318 2081 Robertj
353 2033 498 2068 Purwes
531 2046 541 2066 s
571 2033 745 2068 Johannis
764 2032 910 2067 Purwes
941 2045 952 2066 l
983 2032 1156 2068 ,Iohannis
1176 2032 1353 2068 Trumbill
1383 2047 1391 2069 l
1420 2035 1593 2070 Johannis

172 2112 248 2157 Bog
267 2125 278 2145 l
300 2111 446 2145 Andree
466 2109 689 2145 Michelsoun
710 2123 721 2143 s
740 2108 949 2145 seruitorum
970 2110 1089 2157 stabulj
1112 2123 1123 2144 s
1141 2110 1315 2146 Johannis
1342 2111 1463 2159 Bayne
1481 2113 1593 2161 sump-

169 2196 305 2225 terman
325 2201 337 2222 s
357 2188 460 2236 Fabrj
482 2202 492 2222 s
513 2194 547 2223 et
560 2201 630 2223 vno
643 2201 733 2234 equo
752 2187 925 2224 Johannis
945 2188 1198 2224 Donaldsoune
1216 2190 1252 2223 in
1270 2190 1389 2225 aueria
1407 2203 1418 2225 s
1437 2191 1494 2238 quj
1515 2191 1593 2227 sunt

171 2269 206 2301 in
226 2280 374 2302 numero
393 2267 461 2314 xvij
482 2269 560 2314 equj
583 2280 593 2300 t
613 2266 874 2302 remanentibus
887 2266 925 2300 in
944 2266 1151 2313 Edinburgh
1168 2280 1187 2301 a
1201 2267 1276 2314 iiijto
1297 2269 1352 2303 die
1371 2268 1455 2303 dieti
1472 2269 1593 2304 mensis
