1861 2703
305 218 374 249 <208
787 215 945 250 LIBER
973 213 1250 250 DOMICILII
1617 219 1720 254 1599.

303 310 394 359 gistrj
414 310 534 358 Jacobj
557 310 713 346 Haswell
734 324 745 345 l
765 311 885 346 Dauid
901 312 1105 346 Crechtoun
1123 311 1159 345 in
1180 310 1374 357 garderoba
1395 323 1406 344 l
1426 309 1572 357 Georgij
1596 310 1693 344 Steill
1711 324 1721 344 s

307 388 485 436 Willielmj
508 388 601 423 Bard
621 402 631 422 s
650 388 771 436 Jacobj
793 388 886 423 Wod
905 401 916 423 l
938 388 1115 435 Willielmj
1149 388 1322 438 Galbrath
1343 401 1354 422 l
1375 387 1523 435 Georgij
1554 388 1636 422 Seot
1655 401 1666 421 s
1687 394 1720 422 et

307 467 458 501 duorum
476 479 646 512 equorum
665 479 730 513 pro
748 466 886 501 botellis
904 472 939 501 et
956 466 1080 500 balistis
1098 466 1269 512 gestandis
1287 479 1299 499 l
1317 465 1375 512 quj
1404 464 1482 500 sunt
1509 466 1545 499 in
1574 477 1721 499 numero

307 546 319 578 l
338 544 414 591 equj
432 558 443 578 1
458 544 719 579 remanencium
733 544 769 578 in
786 544 994 590 Edinburgh
1009 556 1071 591 per
1084 550 1222 591 tempus
1234 543 1464 591 prescriptum
1480 557 1491 578 s
1507 544 1721 590 capiencium

307 624 344 657 in
361 623 482 657 auenis
501 627 535 657 et
551 623 662 669 gagi-js
680 622 748 669 fenj
768 635 778 656 s
795 622 1011 669 capiencium
1029 621 1039 654 l
1059 626 1073 656 ἔ
1092 621 1126 654 in
1145 621 1202 655 die
1231 634 1242 655 s
1270 621 1414 655 Summa
1430 634 1500 655 xxv
1518 622 1554 655 ii.

643 700 787 735 Summa
804 700 951 747 pecunie
970 698 1077 745 xxxiij
1096 699 1121 734 ii
1142 698 1212 745 xiiij
1234 703 1248 733 ἔ
1266 699 1323 745 viij
1344 698 1379 733 d.

176 872 259 900 1529.
358 858 482 893 PRIMO
504 858 672 892 APRILrs.
727 856 826 903 Rege
853 861 1056 891 remanente
1088 856 1123 890 in
1155 855 1347 901 Striueling
1379 868 1390 888 t
1422 856 1545 901 expen'
1572 855 1673 901 super
1700 867 1722 887 x

146 939 280 969 Striueling.
305 937 404 983 equis
422 935 573 971 eiusdem
592 935 718 970 ibidem
736 935 996 970 remanentibus
1026 948 1046 968 a
1077 934 1172 968 dicto
1191 934 1247 967 die
1265 934 1367 979 vsque
1385 934 1536 979 primum
1558 933 1644 980 Maij
1665 946 1721 967 ex-

308 1013 435 1049 clufiue
454 1028 466 1049 l
485 1016 542 1061 quj
563 1014 641 1048 sunt
658 1026 729 1047 xxx
748 1014 819 1048 dies
839 1027 850 1047 s
870 1013 1084 1060 capientibus
1111 1011 1306 1046 mensuram
1334 1011 1506 1058 duplicem
1529 1024 1540 1045 l
1559 1011 1722 1058 capienti-

307 1093 370 1126 bus
388 1092 410 1139 ij
430 1091 562 1126 celdras
580 1103 602 1126 v
620 1091 728 1125 bollas
747 1091 768 1138 ij
788 1091 921 1124 firlotas
938 1102 1131 1124 auenarum
1155 1102 1162 1124 ι
1183 1089 1280 1136 priciJ'
1301 1089 1385 1135 varij
1416 1102 1426 1123 s
1456 1090 1598 1124 Summa
1611 1089 1679 1135 xvij
1697 1090 1721 1124 fi

307 1247 443 1281 duobus
474 1246 569 1292 equis
598 1245 743 1292 Dominj
776 1245 884 1291 Regis
913 1245 1174 1279 remanentibus
1205 1246 1241 1278 in
1270 1245 1478 1290 Edinburgh
1509 1258 1571 1291 per
1597 1247 1629 1291 vJ'
1650 1245 1721 1278 dies

306 1326 396 1360 infra
414 1325 480 1360 hoe
498 1329 701 1371 compotum
721 1336 732 1357 s
752 1323 969 1370 capientibus
995 1325 1009 1370 j
1039 1323 1167 1357 bollam
1198 1323 1220 1370 ij
1250 1323 1382 1358 firlotas
1412 1336 1603 1357 auenarum
1624 1336 1635 1356 s
1654 1323 1722 1369 pri-

306 1406 397 1439 cium
416 1404 471 1450 xvj
492 1408 506 1437 ἔ
533 1416 544 1437 s
574 1403 665 1436 Item
684 1401 785 1436 solut'
813 1414 877 1448 pro
908 1401 1037 1448 pabulo
1068 1401 1090 1448 lj
1122 1414 1291 1447 equorum
1323 1401 1545 1435 familiarium
1572 1400 1717 1446 Dominj

306 1482 416 1528 Regis
434 1481 695 1515 remanencium
716 1481 751 1513 in
771 1479 980 1526 Edinburgh
1011 1486 1045 1514 et
1076 1480 1268 1526 Strineling
1286 1492 1348 1526 per
1367 1479 1499 1513 dictum
1521 1485 1657 1525 tempus
1683 1480 1719 1512 in

303 1559 424 1593 auenis
454 1564 488 1593 et
518 1558 628 1605 gagijs
649 1558 719 1605 fenj
753 1571 763 1591 s
794 1557 1009 1605 capiencium
1038 1558 1061 1604 lj
1081 1563 1096 1592 ἕ
1122 1558 1158 1591 in
1185 1558 1240 1592 die
1269 1571 1279 1591 s
1309 1557 1451 1592 Summa
1478 1556 1571 1603 lxxvj
1591 1557 1616 1590 ii
1634 1570 1655 1590 x
1674 1561 1688 1590 ,ξ
1705 1570 1715 1589 s

305 1637 396 1671 Item
415 1636 515 1672 solut'
534 1637 570 1670 in
588 1649 677 1683 pane
697 1636 824 1681 equino
842 1635 952 1669 tribus
971 1636 1066 1681 equis
1096 1635 1241 1682 Dominj
1264 1635 1372 1680 Regis
1390 1647 1461 1669 xxx
1482 1639 1496 1669 ἕ
1523 1648 1534 1668 l
1564 1634 1653 1668 Item
1681 1635 1717 1668 in

302 1715 406 1750 feodo
426 1715 558 1761 Stabulj
578 1715 671 1762 apud
691 1714 806 1748 Peblis
824 1714 893 1761 xxij
913 1715 947 1749 d.

706 1792 848 1827 Summa
866 1793 1013 1838 pecunie
1026 1793 1081 1839 jcj
1100 1793 1124 1827 ii
1144 1792 1176 1839 xj
1198 1797 1212 1827 ἔ
1229 1805 1250 1826 x
1269 1793 1303 1826 d.

143 1966 292 1995 Edinhurgh.
356 1952 482 1986 PR1MO
513 1951 623 1986 ΜΑΙΙ.
682 1950 782 1996 Rege
817 1955 1021 1984 remanente
1048 1950 1083 1983 in
1115 1949 1323 1995 Edinburgh
1350 1955 1383 1983 et
1420 1949 1611 1995 Striueling
1630 1962 1641 1983 t
1660 1962 1717 1983 ex-

142 1998 275 2027 Striueling.

304 2032 383 2077 pen'
401 2031 502 2076 super
520 2030 551 2076 vj
573 2030 668 2075 equis
687 2028 838 2063 eiusdem
857 2028 985 2062 ibidem
1003 2028 1264 2062 remanentibus
1282 2041 1302 2062 a
1320 2028 1415 2061 dieto
1432 2027 1487 2061 die
1499 2028 1612 2074 primo
1628 2027 1715 2072 Maij

304 2106 469 2141 inclufiue
488 2105 592 2152 vsque
610 2107 761 2153 primum
780 2105 877 2152 Junij
898 2104 1070 2140 exclufiue
1090 2119 1101 2139 l
1120 2105 1177 2152 quj
1198 2104 1276 2139 sunt
1293 2103 1374 2151 xxxj
1389 2104 1460 2138 dies
1476 2117 1487 2137 Ι
1502 2103 1715 2150 capientibus

304 2183 499 2219 mensuram
519 2183 691 2230 duplicem
712 2197 723 2217 s
743 2182 984 2230 capientibusj
1005 2182 1157 2216 celdram
1175 2182 1220 2229 vij
1241 2182 1350 2216 bollas
1379 2183 1401 2228 ij
1433 2181 1565 2215 firlotas
1590 2193 1714 2215 auena-
