1861 2703
161 274 264 311 1526.
655 273 812 308 REGIS
837 272 1026 309 JACOBI
1054 274 1099 309 V.
1529 280 1576 310 55

160 372 285 408 restant
302 372 348 419 vij
367 370 481 417 lagine
500 369 652 405 ceruifie.
705 376 919 414 COQUINA.
959 371 1076 418 Empt’
1103 372 1125 418 ij
1145 384 1249 419 pecco
1268 373 1363 420 ordej
1386 390 1395 406 l
1416 372 1450 419 iij
1470 385 1574 420 peace

159 448 307 497 pisarum
327 464 337 481 ι
357 447 377 495 ij
407 459 512 495 pecee
537 446 651 494 grofl'e
676 448 786 483 farine
808 461 818 483 t
837 449 874 482 in
892 449 1004 496 porris
1024 466 1034 482 ι
1054 449 1188 484 ficubus
1218 464 1229 484 s
1260 451 1398 486 rasemis
1428 468 1438 484 s
1468 451 1575 497 amig-

159 528 243 562 dalis
267 539 278 561 t
301 527 386 574 varij
417 527 521 574 precij
553 540 563 561 t
591 527 734 561 Summa
765 527 883 574 xxxiiij
904 533 920 563 ἔ
948 527 994 574 iiij
1014 528 1038 564 d
1067 542 1078 562 s
1108 534 1142 563 et
1172 531 1297 576 expen'
1326 543 1337 564 s
1366 530 1413 564 Et
1443 530 1575 576 reliquo

158 605 304 652 expense
321 605 425 639 huius
443 605 534 640 diete
553 605 781 640 continentur
800 606 835 640 in
856 606 1066 653 Speciearia.

647 684 789 718 Summa
808 685 926 731 xxxiiij
949 690 963 720 s
983 685 1027 732 iiij
1047 686 1082 720 d.

207 848 289 878 DIE
315 847 476 878 SABOTI
497 841 618 876 vltimo
639 840 778 875 Mercii.
831 847 1079 878 PANETRIA.
1122 841 1165 875 In
1180 841 1327 888 prandio
1342 843 1470 888 expen’
1484 843 1577 889 apud
1592 858 1702 876 vmnm

163 919 345 966 Striuiling
364 919 610 966 (Edinburgh)
628 933 698 954 xxv
717 932 824 967 panes
845 933 856 954 s
877 919 969 954 Item
988 920 1024 954 in
1042 919 1183 967 pastillis
1202 925 1237 954 et
1258 920 1358 967 adipe
1384 932 1447 966 per
1463 925 1576 954 totum
1593 897 1705 915 pascus.

160 998 311 1032 mensem
330 998 376 1045 lxj
395 1011 502 1045 panes
521 1011 532 1032 s
553 998 697 1032 Summa
715 998 834 1045 lxxxvj
856 1011 962 1046 panes
982 1012 992 1033 s
1013 1004 1047 1033 et
1065 997 1108 1032 fic
1126 998 1253 1032 restant
1272 998 1341 1031 ix(O
1359 998 1418 1045 vijc
1436 1011 1459 1031 x
1473 1010 1580 1044 panes

160 1078 252 1125 apud
267 1076 487 1124 Edinburgh.
515 1083 836 1113 BUTELLARIA.
856 1076 994 1124 Expen'
1007 1077 1050 1124 vij
1066 1077 1180 1123 lagine
1196 1076 1338 1111 ceruifie
1352 1090 1362 1111 Ι
1377 1076 1465 1112 etsie
1480 1090 1579 1123 eque.

161 1162 375 1200 COQUINA.
414 1155 533 1203 Empt’
563 1155 658 1203 xxiiij
690 1156 797 1203 pisces
823 1156 910 1202 aridj
940 1169 951 1190 1
973 1156 987 1203 j
1015 1155 1122 1203 padill
1143 1169 1154 1190 l
1173 1155 1208 1202 ijC
1236 1157 1343 1202 xxxvj
1371 1154 1553 1202 sperlingis
1570 1170 1579 1189 s

159 1235 204 1282 vij
225 1235 304 1282 lucij
328 1234 402 1281 sj‘D
421 1233 522 1269 ostria
541 1248 552 1268 s
572 1237 605 1282 vj
621 1234 792 1269 salmones
811 1240 970 1269 recentes
991 1251 1001 1268 ι
1021 1234 1069 1280 iijc
1086 1233 1152 1281 albj
1168 1234 1276 1281 pisces
1296 1251 1305 1267 ι
1325 1234 1361 1268 in
1375 1234 1555 1281 merlingis
1569 1248 1579 1268 s

160 1314 297 1361 polupis
317 1327 328 1347 l
347 1313 499 1360 kipperis
519 1329 528 1346 s
549 1312 746 1360 pefi'ffinibus
761 1325 849 1359 aque
864 1313 974 1347 dulcis
990 1327 1001 1347 l
1014 1313 1158 1360 perches
1178 1326 1189 1346 s
1208 1312 1441 1347 turbounibus
1458 1326 1469 1347 1
1481 1312 1548 1347 lille
1570 1326 1579 1346 s

161 1398 195 1426 et
214 1391 329 1426 herbis
349 1405 359 1425 t
379 1390 463 1438 varij
493 1391 599 1438 precij
629 1404 640 1425 t
670 1391 814 1426 Summa
833 1405 854 1426 v
871 1392 896 1427 ii
915 1391 973 1438 xiij
994 1397 1009 1427 ἔ
1026 1393 1060 1425 ix
1078 1392 1102 1427 d
1122 1408 1130 1424 s
1151 1397 1186 1425 et
1204 1393 1338 1438 expen'.

209 1555 373 1584 EODEM
399 1554 481 1583 DIE
502 1564 511 1580 ι
532 1546 711 1582 Dominus
732 1548 811 1582 Rex
828 1561 838 1581 l
854 1548 953 1583 finito
968 1548 1115 1596 prandio
1130 1548 1223 1595 apud
1237 1547 1447 1594 Edinburgh
1462 1561 1473 1581 l
1489 1549 1581 1593 equi-

161 1627 249 1662 tauit
267 1625 385 1661 versus
412 1625 562 1672 burgum
582 1625 625 1660 de
645 1625 838 1672 Striueling
854 1627 892 1660 in
910 1638 1005 1660 cena.
1058 1632 1311 1662 PANETRIA.
1350 1626 1495 1673 Empt’j
1516 1625 1583 1659 cel-

163 1705 224 1739 dra
243 1704 408 1751 frumentj
428 1703 573 1738 liberata
592 1703 708 1751 pistorj
727 1704 822 1751 price
841 1704 911 1752 xiiij
931 1705 956 1739 ii
975 1705 1032 1752 viij
1053 1710 1068 1740 ἕ
1101 1717 1108 1739 l
1139 1705 1182 1739 (le
1200 1717 1269 1751 qua
1286 1710 1530 1752 prouenerunt
1548 1705 1583 1737 in

164 1784 310 1832 panibus
322 1783 372 1830 j«)
390 1782 439 1830 iijc
456 1782 492 1816 xl
510 1794 618 1829 panes
636 1782 679 1816 de
698 1782 874 1817 dominico
903 1788 939 1817 et
962 1783 1113 1818 secundo
1143 1797 1154 1817 s
1184 1783 1226 1817 de
1257 1782 1381 1829 quibus
1407 1783 1532 1830 expen’
1550 1783 1586 1815 in

165 1874 250 1896 cena
270 1861 298 1908 jc
324 1860 455 1907 lxxxvij
484 1873 591 1907 panes
623 1877 632 1894 l
666 1865 701 1895 et
727 1859 771 1895 fic
800 1861 929 1896 restant
956 1862 994 1895 in
1023 1866 1099 1896 toto
1130 1861 1186 1896 ΧΨ
1214 1862 1286 1909 viijc
1316 1861 1437 1908 lxxxiij
1466 1874 1584 1909 paneS.

167 1944 447 1975 BUTELARIA.
494 1938 640 1985 Empt’j
661 1938 778 1973 celdra
797 1939 843 1986 iiij
874 1939 967 1974 bolle
997 1939 1091 1987 brafij
1120 1940 1265 1975 liberate
1291 1940 1457 1975 vxoribus
1483 1940 1584 1988 burgj

166 2017 209 2050 de
225 2016 471 2062 Strfflelingad
490 2016 723 2063 prouifionem
745 2017 871 2052 Pasche
892 2031 902 2051 s
923 2018 965 2052 de
984 2018 1109 2064 quibus
1126 2024 1370 2066 prouenerunt
1387 2019 1424 2053 in
1442 2018 1584 2054 eeruifia

161 2095 189 2141 jc
206 2094 291 2128 lxxx
310 2094 425 2141 lagine
444 2094 584 2129 ceruifie
605 2107 616 2128 t
636 2094 679 2129 de
697 2095 821 2141 quibus
852 2098 976 2143 expen'
1005 2097 1027 2143 lj
1059 2097 1174 2144 lagine
1201 2098 1236 2145 iij
1266 2103 1389 2144 quarte
1417 2097 1558 2132 ceruilie
1572 2111 1584 2131 l

168 2248 298 2284 uifione
317 2249 378 2297 iiijc
395 2250 502 2297 xxviij
521 2250 663 2298 laginej
684 2257 807 2298 quarta
825 2251 977 2287 ceruifie.
1029 2259 1245 2296 COQUINA.
1284 2254 1402 2302 Empt’
1424 2254 1446 2301 ij
1466 2253 1587 2288 barilia

169 2328 351 2364 mulonum
381 2329 560 2364 aridorum
579 2330 674 2377 price
692 2330 786 2378 xlviij
807 2335 822 2366 's
852 2331 1068 2367 continentia
1085 2332 1183 2380 xlviij
1203 2332 1364 2368 mulones
1381 2339 1416 2368 et
1430 2334 1554 2380 expen'
1576 2345 1584 2366 l
