1861 2703
61 350 187 373 Daulketh.

61 681 207 708 Edinburgh.

256 252 300 282 10
833 248 1117 286 APPENDIX.
1577 254 1669 289 15Q6

296 344 363 375 Dm
382 345 507 375 SABOTI
523 344 588 375 xiiii
606 344 728 386 Aprilis.
777 345 813 376 In
835 346 965 388 cariagio
980 347 1109 389 piscium
1121 347 1160 379 de
1179 347 1361 390 Edinburgh
1377 359 1480 381 versus
1495 349 1665 385 Daulketh,

254 422 325 452 rege
339 416 512 442 remanente
526 411 648 443 ibidem.

295 478 362 507 Dm
378 477 559 508 D0M1N1co
574 489 616 508 xv
633 478 757 519 Aprilis.
804 478 906 519 Empt'
923 489 942 509 v
956 478 1032 520 pulli
1046 479 1264 510 cuniculorum.

296 543 363 572 Dm
380 543 560 574 Dornmco
576 544 640 574 xxii
659 544 782 585 Aprilis.
830 544 947 585 Expen’
963 544 994 574 in
1009 544 1138 575 disiunio
1153 545 1234 586 apud
1250 545 1397 577 Dauketh
1412 548 1484 588 xxvj
1502 558 1604 588 panes.

297 609 364 640 Dm
384 609 482 640 LUNE
499 610 574 640 xxiii
590 610 713 652 Aprilis.
761 610 840 641 Item
855 609 1038 652 pauperibus
1057 610 1152 652 Regis
1166 611 1261 652 xxxvj
1279 622 1382 652 panes.

297 676 366 706 Dm
385 676 518 706 MAn'rrs
533 676 620 706 xxiiii
637 676 759 717 Aprilis.

297 743 363 772 Dm
384 742 504 772 SABOTI
521 743 616 773 xxviii
634 743 757 784 Aprilis.
806 743 908 784 Empt’
919 743 944 784 je
958 743 1113 784 merlingis
1129 742 1289 774 estiuiales.

300 809 380 839 Item
404 808 491 839 solut’
521 820 574 850 per
602 808 813 839 Rotulatorem
841 809 872 838 in
898 809 998 850 gagiis
1023 808 1126 840 decem
1159 820 1354 850 personarum
1383 810 1602 841 remanentium
1640 811 1669 840 in

259 874 438 916 Edinburgh
453 880 538 905 extra
553 874 739 905 domicilium
755 874 884 906 Domini
903 875 998 917 Regis
1012 875 1051 906 ab
1067 881 1175 906 octauo
1193 875 1306 917 Aprilis
1331 875 1479 906 inclusiue
1495 886 1588 917 vsque
1611 877 1671 917 pri-

254 951 335 970 mum
365 940 442 970 Maii
469 941 633 978 exefflsiue,
668 941 719 982 qui
746 948 817 972 sunt
844 941 955 983 viginti
981 948 1011 972 et
1037 941 1097 971 duo
1127 941 1199 978 dies,
1231 941 1415 983 capientium
1437 942 1468 972 in
1495 942 1543 973 die
1569 942 1671 973 decem

253 1005 373 1042 solidos,
401 1006 528 1037 Summa
542 1007 572 1047 xj
587 1007 612 1036 11
628 1007 667 1047 vij
685 1011 696 1036 Ξ
712 1007 753 1048 iiij
770 1010 798 1038 d.

298 1072 364 1102 Dm
382 1072 562 1102 Don11N1co
579 1073 652 1103 xxix
671 1073 794 1115 Aprilis.
843 1074 944 1115 Empt'
960 1073 1001 1114 xij
1018 1073 1176 1104 dottrallis.

514 1139 639 1169 Summa
653 1139 754 1169 totalis
769 1140 879 1170 mensis
897 1139 1010 1180 Aprilis
1024 1138 1077 1179 iiijc
1091 1138 1175 1179 xlviij
1192 1139 1215 1169 ii
1234 1139 1286 1169 xix
1302 1142 1313 1168 ἑ
1329 1140 1358 1179 xj
1375 1142 1404 1169 d.

1483 1215 1555 1237 Tenet
1576 1207 1653 1236 ABd.

298 1270 365 1299 Dm
385 1270 483 1299 Lem:
501 1270 541 1300 vii
557 1270 645 1301 Maii.
689 1272 884 1310 Royationes.

299 1335 365 1365 Dm
382 1335 401 1365 J
405 1345 479 1366 oms
494 1347 514 1365 x
531 1336 619 1367 Maii.
664 1337 806 1369 Ascensio
822 1338 950 1367 Domini
964 1339 1058 1368 nostri
1072 1337 1161 1367 Ilzesu
1181 1337 1302 1367 Christi.

299 1401 365 1432 Dm
383 1402 564 1433 Donumco
579 1403 633 1433 xiii
651 1403 738 1434 Maii.
787 1404 889 1445 Empt’
905 1403 990 1444 xxiiij
1008 1402 1115 1433 barilia
1130 1402 1203 1433 birri
1224 1403 1305 1443 price
1319 1403 1370 1444 xvj
1387 1403 1410 1433 fi
1425 1404 1475 1444 xvj
1494 1407 1516 1434 ἕ.

300 1467 367 1498 Dm
394 1468 574 1499 MERCURH
600 1469 652 1499 xvi
678 1469 764 1499 Maii.
813 1469 927 1499 Carnes
951 1469 1058 1509 expen’
1082 1479 1136 1510 pro
1158 1469 1263 1500 tabula
1286 1468 1413 1499 Domini
1443 1469 1538 1510 Regis
1562 1475 1592 1500 et
1616 1469 1681 1499 Do-

257 1535 407 1564 minorum
422 1534 482 1565 illic
498 1534 676 1565 sedentium.

300 1601 366 1630 Dm
384 1601 481 1631 Jours
497 1601 559 1631 xvii
578 1600 666 1631 Maii.
715 1601 816 1642 Empt'
833 1601 864 1640 iij
881 1611 954 1631 auce
971 1601 1097 1631 verides.

301 1667 368 1696 Dm
397 1666 522 1696 SABOTI
548 1666 601 1696 xix
626 1665 713 1696 Maii.
761 1666 865 1707 Empt’
881 1677 934 1707 per
963 1666 1170 1707 B'Iergaretam
1196 1666 1394 1698 Johnnesoun
1422 1667 1557 1699 relictam
1583 1679 1681 1709 quon-

260 1734 328 1764 dam
354 1731 473 1762 Andree
499 1731 679 1762 Hamiltoun
695 1732 733 1762 ab
749 1731 922 1762 hominibus
938 1732 1103 1762 Daciarum
1118 1732 1159 1772 iiij
1184 1733 1282 1763 celdre
1307 1733 1348 1774 iiij
1376 1733 1456 1764 bolle
1482 1733 1574 1770 ordei,
1599 1734 1680 1775 price

260 1799 339 1829 bolle
360 1799 389 1839 xj
418 1802 441 1835 ἒ,
465 1798 589 1828 Summa
615 1798 719 1838 xxxvij
737 1798 759 1827 ii
783 1798 834 1838 viij
854 1801 876 1834 ἓ,
904 1798 941 1828 de
956 1798 1065 1839 quibus
1084 1805 1288 1839 prouenerunt
1302 1799 1333 1828 in
1350 1799 1476 1831 ceruisia
1487 1799 1516 1829 vc
1531 1799 1563 1829 xl
1580 1799 1680 1841 lagine

260 1865 395 1895 ceruisie.

303 1932 371 1961 Dm
388 1931 568 1961 D0M1N1co
584 1940 626 1959 xx
645 1930 733 1961 Maii.
776 1931 895 1961 Festum
910 1931 1128 1961 Penthecostes.

304 1997 370 2027 Dm
390 1997 488 2026 LUNE
505 1996 559 2026 xxi
576 1995 665 2027 Maii.
713 1995 814 2037 Empt'
830 1996 861 2026 in
877 1996 1003 2037 pedibus
1018 1997 1125 2027 ouinis.

304 2064 370 2093 Dm
390 2063 571 2093 Mmeunn
588 2063 663 2093 xxiii
681 2062 768 2093 Maii.
802 2062 948 2093 Liberata
963 2062 1080 2093 Clerieo
1096 2062 1305 2103 Expensarum
1315 2067 1346 2092 et
1359 2061 1493 2092 Domino
1513 2062 1683 2094 Rotulatori

260 2131 280 2169 ij
298 2129 403 2159 barilia
417 2128 499 2159 birri.

305 2194 371 2224 Dm
402 2194 582 2226 Donnmco
602 2195 686 2226 xxvii
718 2195 804 2226 Maii.
862 2195 962 2236 Empt'
979 2194 1009 2225 lv
1024 2194 1099 2235 pulli
1124 2194 1316 2235 gallinarum,
1344 2193 1428 2235 xxiiij
1445 2194 1570 2236 pouttis‚
1597 2193 1681 2234 xxiiij

260 2260 333 2301 pulli
349 2259 564 2291 columbarum.
