1861 2703
153 1660 285 1690 Striueling.

307 232 377 264 904
765 226 922 261 LIBER
950 227 1227 263 DOMICILII
1620 234 1722 265 1528.

307 336 499 360 auenaruni
518 324 552 357 in
572 323 678 358 nocte
698 336 709 357 t
729 329 763 358 et
781 336 851 358 vno
870 337 960 370 equo
979 324 1125 371 Dominj
1148 324 1258 371 Regis
1284 337 1347 372 per
1365 325 1440 373 viij⁰
1461 325 1533 360 dies
1552 326 1641 360 infra
1658 327 1724 360 hoc

308 407 507 449 compotum
525 401 683 448 capiente
696 401 841 435 eandem
855 400 1050 436 mensuram
1064 415 1075 436 l
1092 402 1234 437 Summa
1248 402 1282 449 iij
1299 402 1415 438 celdre
1429 416 1451 437 x
1463 403 1555 438 bolle
1568 404 1601 450 iij
1609 404 1725 438 firlote

307 492 498 514 auenarum
520 492 531 512 J
551 479 594 513 de
612 479 736 524 quibus
755 480 861 526 empt'
878 479 937 525 xiij
966 479 1058 514 holle
1089 493 1279 514 auenarum
1311 481 1408 528 pricij
1428 482 1512 528 varij
1543 495 1554 516 t
1582 482 1725 516 Summa

307 572 328 591 v
346 559 371 592 ii
388 558 470 603 xviij
491 562 506 591 ἔ
526 556 580 603 viij
600 557 625 591 d
645 569 653 590 l
674 562 709 591 et
737 556 910 591 refiduum
937 557 1100 591 videlicet
1130 558 1152 603 ij
1185 558 1301 592 celdre
1330 558 1389 604 xiij
1422 558 1515 593 bolle
1542 559 1575 606 iij
1608 560 1724 594 firlote

308 648 500 670 auenarum
520 635 562 668 de
582 634 651 668 Fiff
674 648 685 668 s
714 634 804 669 Item
824 634 925 669 solut’
944 634 980 668 in
998 635 1108 682 gagijs
1127 635 1229 670 dictis
1247 636 1343 681 equis
1360 636 1429 683 senj
1449 649 1511 683 per
1529 637 1619 671 idem
1638 643 1724 672 tem-

306 726 371 760 pus
390 713 447 759 viij
466 714 490 747 ii
510 712 542 759 xj
563 717 578 746 ἔ
596 712 643 758 iiij
662 712 687 746 d
713 725 724 746 J
754 711 844 746 Item
864 711 966 746 solut’
984 712 1020 745 in
1038 724 1128 758 pane
1147 713 1275 758 equino
1295 713 1316 760 ij
1337 714 1432 759 equis
1459 727 1627 760 equorum
1648 728 1724 761 pre-

307 789 516 837 scriptorum
548 803 587 824 ac
618 789 722 824 feodo
750 788 885 836 Stabulj
906 790 965 824 xix
984 793 1000 824 ἔ
1017 790 1039 837 ij
1058 790 1081 825 d
1108 804 1119 825 s
1148 790 1240 825 Item
1268 791 1369 825 solut'
1396 804 1461 838 pro
1494 792 1621 839 pabulo
1649 793 1723 840 xliij

307 880 477 913 equorum
495 867 717 901 familiarium
734 866 881 914 Dominj
897 867 1007 913 Regis
1025 879 1089 914 per
1105 872 1243 914 tempus
1257 868 1455 914 prediclmm
1476 881 1487 902 s
1507 869 1722 915 capiencium

307 946 343 978 in
362 946 481 979 auenis
499 950 533 979 et
550 945 632 979 feno
662 957 724 991 per
753 949 893 991 tempus
912 945 1110 991 predifiuxm
1130 945 1202 992 xliij
1223 950 1238 980 ἔ
1255 946 1289 979 in
1310 946 1365 979 die
1394 959 1405 979 s
1433 946 1577 980 Summa
1594 947 1678 994 xlvij
1698 948 1722 981 fi

305 1024 340 1068 vj
359 1028 375 1057 ἕ
402 1036 412 1056 t
442 1022 533 1057 Item
551 1022 651 1056 solut’
671 1022 706 1056 in
723 1022 833 1068 gagijs
864 1022 1016 1056 duorum
1043 1022 1259 1057 verletorum
1281 1022 1436 1070 Magistrj
1460 1024 1593 1058 Auerie
1612 1037 1723 1059 rema-

307 1099 470 1133 nentibus
489 1105 587 1133 extra
605 1099 819 1133 domicilium
848 1112 911 1146 per
942 1099 1054 1133 decim
1085 1099 1158 1133 dies
1188 1099 1278 1133 infra
1303 1100 1370 1134 hoc
1400 1106 1600 1147 compotum
1632 1102 1723 1148 xvj&

309 1177 366 1223 viij
386 1177 410 1211 d
437 1190 449 1210 Ι
476 1177 568 1210 Item
586 1175 687 1210 solut'
705 1189 769 1223 pro
789 1177 944 1223 cariagio
970 1177 1015 1223 vij
1045 1177 1241 1211 celdrarurn
1261 1183 1295 1212 et
1312 1177 1345 1224 xj
1365 1177 1537 1212 bollarum
1557 1178 1599 1212 de
1618 1177 1722 1212 Leith

308 1254 426 1289 versus
441 1254 694 1288 Monaflerium
712 1254 841 1289 Sancte
855 1253 978 1289 Crucis
996 1255 1056 1288 xix
1074 1259 1089 1289 ἔ
1106 1255 1163 1301 viij
1183 1255 1206 1290 d
1234 1268 1244 1289 l
1272 1256 1364 1290 Item
1379 1256 1413 1289 in
1425 1255 1534 1303 gagijs
1551 1255 1722 1291 ,Iohannis

307 1332 540 1367 Donaldsoun
558 1334 594 1367 in
612 1333 730 1367 aueria
748 1332 961 1367 remanentis
989 1337 1088 1366 extra
1116 1332 1336 1367 domicilium
1368 1346 1432 1380 per
1467 1336 1501 1380 vj
1531 1334 1602 1368 dies
1633 1334 1721 1368 infra

307 1416 508 1457 compotum
527 1411 583 1457 viij
603 1416 629 1446 ἔ.

678 1488 821 1523 Summa
838 1489 986 1536 pecunie
1004 1489 1089 1535 lxiiij
1108 1490 1131 1524 ii
1151 1489 1210 1523 xix
1228 1494 1243 1525 ἒ
1259 1491 1292 1535 vj
1311 1490 1345 1524 d.

359 1645 473 1680 NONO
506 1647 727 1681 FEBRUARII.
785 1646 885 1693 Rege
914 1651 1117 1680 remanente
1145 1646 1181 1679 in
1211 1646 1402 1692 Striueling
1431 1659 1441 1680 l
1471 1648 1593 1693 expen’
1620 1647 1720 1693 super

313 1725 382 1772 xxij
403 1726 499 1771 equis
518 1725 626 1771 Regis
645 1731 679 1759 et
696 1725 905 1759 seruitorum
924 1724 1075 1758 eiusdem
1108 1738 1119 1758 l
1147 1724 1361 1771 capientibus
1387 1725 1559 1772 duplicem
1586 1724 1720 1759 mensu-

311 1816 382 1837 ram
406 1817 416 1837 s
435 1804 695 1838 remanentibus
713 1804 748 1837 in
768 1803 959 1849 Strineling
977 1816 996 1837 a
1014 1802 1109 1836 dicto
1136 1802 1191 1836 die
1218 1815 1313 1836 nono
1345 1802 1524 1850 Februarij
1555 1802 1719 1837 incluiiue

312 1881 415 1927 Vsque
434 1882 584 1929 primum
605 1881 731 1928 Mercij
752 1880 923 1916 exclufiue
955 1894 966 1915 t
998 1883 1054 1927 quj
1075 1880 1153 1914 sunt
1181 1880 1303 1927 vigintj
1324 1880 1396 1914 dies
1425 1894 1435 1914 s
1465 1880 1679 1927 capientibus
1696 1879 1717 1926 ij

314 1960 424 1994 bollas
442 1960 476 2007 iij
497 1960 628 1994 firlotas
653 1961 689 1993 in
717 1960 823 1994 nocte
851 1974 862 1994 l
891 1960 1033 1994 Summa
1061 1959 1094 2005 iij
1125 1958 1241 1993 celdre
1259 1959 1304 2005 vij
1323 1958 1418 1993 bolle
1436 1971 1626 1993 auenarum
1647 1972 1658 1992 s
1677 1958 1719 1992 de

310 2038 426 2072 mixtis
439 2038 453 2084 j
467 2038 596 2072 bollam
611 2038 644 2085 iij
660 2038 794 2072 firlotas
807 2038 828 2085 ij
844 2050 965 2085 peccas
977 2049 1167 2072 auenarum
1183 2036 1225 2070 de
1239 2036 1367 2083 pabulo
1379 2037 1531 2083 quinque
1550 2049 1718 2082 equorum

311 2113 456 2159 Dominj
478 2113 586 2159 Regis
604 2114 863 2148 remanencium
882 2114 918 2147 in
939 2113 1187 2148 Hammiltoun
1207 2127 1218 2148 s
1237 2119 1272 2149 et
1288 2113 1332 2148 fic
1351 2114 1493 2149 Summa
1510 2114 1543 2161 iij
1565 2113 1680 2148 celdre
1698 2126 1720 2147 v

312 2189 403 2223 bolle
422 2189 443 2235 ij
463 2202 567 2236 pecce
594 2203 783 2224 auenarum
805 2204 815 2224 Ι
836 2191 878 2225 de
904 2191 1028 2237 quibus
1058 2191 1163 2238 empt'
1185 2190 1200 2237 j
1232 2190 1349 2225 celdra
1376 2191 1397 2237 ij
1430 2190 1521 2225 bolle
1551 2190 1585 2237 iij
1605 2190 1718 2224 firlote

314 2278 505 2300 auenarum
527 2280 537 2300 s
556 2267 701 2314 pricium
729 2267 822 2301 bolle
839 2267 896 2314 viij
917 2273 932 2303 ἒ
959 2281 970 2302 s
999 2268 1141 2303 Summa
1158 2269 1204 2315 vij
1222 2270 1247 2303 fi
1264 2282 1287 2303 x
1305 2273 1320 2304 ἕ
1339 2282 1349 2303 s
1369 2274 1403 2304 et
1429 2267 1599 2303 reliduum
1627 2267 1719 2303 vide-
