<?xml version="1.0" encoding="UTF-8"?>
<!DOCTYPE html PUBLIC "-//W3C//DTD XHTML 1.0 Transitional//EN"
    "http://www.w3.org/TR/xhtml1/DTD/xhtml1-transitional.dtd">
<html xmlns="http://www.w3.org/1999/xhtml" xml:lang="en" lang="en">
 <head>
  <title>
</title>
<meta http-equiv="Content-Type" content="text/html;charset=utf-8" />
  <meta name='ocr-system' content='tesseract 3.04.00' />
  <meta name='ocr-capabilities' content='ocr_page ocr_carea ocr_par ocr_line ocrx_word'/>
</head>
<body>
  <div class='ocr_page' id='page_1' title='image "./excerptaelibrisd00bann_0050.png"; bbox 0 0 1861 2703; ppageno 0'>
   <div class='ocr_carea' id='block_1_1' title="bbox 267 280 1672 323">
    <p class='ocr_par' dir='ltr' id='par_1_1' title="bbox 267 280 1672 323">
     <span class='ocr_line' id='line_1_1' title="bbox 267 280 1672 323; baseline -0.009 0"><span class='ocrx_word' id='word_1_1' title='bbox 267 292 310 323; x_wconf 66' lang='lat'>122</span> <span class='ocrx_word' id='word_1_2' title='bbox 728 282 886 318; x_wconf 84' lang='lat' dir='ltr'>LIBER</span> <span class='ocrx_word' id='word_1_3' title='bbox 914 280 1190 317; x_wconf 90' lang='lat' dir='ltr'>DOMICILII</span> <span class='ocrx_word' id='word_1_4' title='bbox 1569 281 1672 312; x_wconf 65' lang='lat'>1525.</span> 
     </span>
    </p>
   </div>
   <div class='ocr_carea' id='block_1_2' title="bbox 263 374 1677 1513">
    <p class='ocr_par' dir='ltr' id='par_1_2' title="bbox 263 374 1677 1513">
     <span class='ocr_line' id='line_1_2' title="bbox 265 374 1675 427; baseline -0.007 -10"><span class='ocrx_word' id='word_1_5' title='bbox 265 383 438 417; x_wconf 78' lang='lat' dir='ltr'>dominico</span> <span class='ocrx_word' id='word_1_6' title='bbox 456 382 491 414; x_wconf 80' lang='lat' dir='ltr'>ix</span> <span class='ocrx_word' id='word_1_7' title='bbox 509 391 613 427; x_wconf 83' lang='lat' dir='ltr'>panes</span> <span class='ocrx_word' id='word_1_8' title='bbox 633 392 644 412; x_wconf 77' lang='lat' dir='ltr'><em>t</em></span> <span class='ocrx_word' id='word_1_9' title='bbox 664 379 706 413; x_wconf 94' lang='lat' dir='ltr'>de</span> <span class='ocrx_word' id='word_1_10' title='bbox 725 379 875 413; x_wconf 88' lang='lat' dir='ltr'>secundo</span> <span class='ocrx_word' id='word_1_11' title='bbox 898 377 1062 425; x_wconf 79' lang='lat' dir='ltr'>expen&#39;jc</span> <span class='ocrx_word' id='word_1_12' title='bbox 1080 382 1130 410; x_wconf 76' lang='lat' dir='ltr'>vxx</span> <span class='ocrx_word' id='word_1_13' title='bbox 1148 374 1193 421; x_wconf 87' lang='lat' dir='ltr'>vij</span> <span class='ocrx_word' id='word_1_14' title='bbox 1214 386 1320 421; x_wconf 85' lang='lat' dir='ltr'>panes</span> <span class='ocrx_word' id='word_1_15' title='bbox 1347 388 1358 408; x_wconf 78' lang='lat' dir='ltr'><em>s</em></span> <span class='ocrx_word' id='word_1_16' title='bbox 1388 374 1477 409; x_wconf 86' lang='lat' dir='ltr'>Item</span> <span class='ocrx_word' id='word_1_17' title='bbox 1498 376 1621 421; x_wconf 82' lang='lat' dir='ltr'>expen&#39;</span> <span class='ocrx_word' id='word_1_18' title='bbox 1639 376 1675 408; x_wconf 87' lang='lat' dir='ltr'>in</span> 
     </span>
     <span class='ocr_line' id='line_1_3' title="bbox 264 451 1675 507; baseline -0.005 -14"><span class='ocrx_word' id='word_1_19' title='bbox 264 459 400 507; x_wconf 80' lang='lat' dir='ltr'>pastillis</span> <span class='ocrx_word' id='word_1_20' title='bbox 418 459 477 505; x_wconf 86' lang='lat' dir='ltr'>liiij</span> <span class='ocrx_word' id='word_1_21' title='bbox 497 469 602 504; x_wconf 82' lang='lat' dir='ltr'>panes</span> <span class='ocrx_word' id='word_1_22' title='bbox 622 469 632 490; x_wconf 79' lang='lat' dir='ltr'><em>s</em></span> <span class='ocrx_word' id='word_1_23' title='bbox 653 456 796 490; x_wconf 81' lang='lat' dir='ltr'><strong>Summa</strong></span> <span class='ocrx_word' id='word_1_24' title='bbox 813 455 1039 503; x_wconf 83' lang='lat' dir='ltr'>expensarum</span> <span class='ocrx_word' id='word_1_25' title='bbox 1058 453 1093 500; x_wconf 74' lang='lat' dir='ltr'>ijc</span> <span class='ocrx_word' id='word_1_26' title='bbox 1111 453 1123 486; x_wconf 97' lang='lat' dir='ltr'>l</span> <span class='ocrx_word' id='word_1_27' title='bbox 1141 464 1247 499; x_wconf 82' lang='lat' dir='ltr'>panes</span> <span class='ocrx_word' id='word_1_28' title='bbox 1267 465 1278 485; x_wconf 77' lang='lat' dir='ltr'><em>t</em></span> <span class='ocrx_word' id='word_1_29' title='bbox 1298 457 1332 486; x_wconf 85' lang='lat' dir='ltr'>et</span> <span class='ocrx_word' id='word_1_30' title='bbox 1345 451 1387 486; x_wconf 82' lang='lat' dir='ltr'>fic</span> <span class='ocrx_word' id='word_1_31' title='bbox 1402 452 1527 487; x_wconf 82' lang='lat' dir='ltr'>restant</span> <span class='ocrx_word' id='word_1_32' title='bbox 1542 453 1599 500; x_wconf 71' lang='lat' dir='ltr'>ijs0</span> <span class='ocrx_word' id='word_1_33' title='bbox 1618 453 1675 499; x_wconf 67' lang='lat' dir='ltr'>vijc</span> 
     </span>
     <span class='ocr_line' id='line_1_4' title="bbox 265 607 1673 657; baseline -0.004 -9"><span class='ocrx_word' id='word_1_34' title='bbox 265 613 403 649; x_wconf 82' lang='lat' dir='ltr'>ceruifie</span> <span class='ocrx_word' id='word_1_35' title='bbox 431 627 441 647; x_wconf 80' lang='lat' dir='ltr'><em>s</em></span> <span class='ocrx_word' id='word_1_36' title='bbox 470 618 503 647; x_wconf 86' lang='lat' dir='ltr'>et</span> <span class='ocrx_word' id='word_1_37' title='bbox 520 611 564 646; x_wconf 88' lang='lat' dir='ltr'>fic</span> <span class='ocrx_word' id='word_1_38' title='bbox 593 611 721 645; x_wconf 81' lang='lat' dir='ltr'>restant</span> <span class='ocrx_word' id='word_1_39' title='bbox 747 611 795 657; x_wconf 78' lang='lat' dir='ltr'>iijc</span> <span class='ocrx_word' id='word_1_40' title='bbox 825 610 945 656; x_wconf 82' lang='lat' dir='ltr'>lxxxiij</span> <span class='ocrx_word' id='word_1_41' title='bbox 978 609 1093 655; x_wconf 81' lang='lat' dir='ltr'>lagine</span> <span class='ocrx_word' id='word_1_42' title='bbox 1112 609 1133 656; x_wconf 92' lang='lat' dir='ltr'>ij</span> <span class='ocrx_word' id='word_1_43' title='bbox 1154 613 1276 654; x_wconf 84' lang='lat' dir='ltr'>quarte</span> <span class='ocrx_word' id='word_1_44' title='bbox 1308 607 1447 643; x_wconf 83' lang='lat' dir='ltr'>ceruifie</span> <span class='ocrx_word' id='word_1_45' title='bbox 1470 610 1673 656; x_wconf 79' lang='lat' dir='ltr'>preintrate.</span> 
     </span>
     <span class='ocr_line' id='line_1_5' title="bbox 265 685 1675 736; baseline 0 -15"><span class='ocrx_word' id='word_1_46' title='bbox 265 697 475 734; x_wconf 78' lang='lat' dir='ltr'><strong>COQUINA.</strong></span> <span class='ocrx_word' id='word_1_47' title='bbox 504 690 562 724; x_wconf 91' lang='lat' dir='ltr'>De</span> <span class='ocrx_word' id='word_1_48' title='bbox 580 688 780 736; x_wconf 82' lang='lat' dir='ltr'>preintratis</span> <span class='ocrx_word' id='word_1_49' title='bbox 799 701 810 721; x_wconf 77' lang='lat' dir='ltr'><em>t</em></span> <span class='ocrx_word' id='word_1_50' title='bbox 830 689 954 734; x_wconf 86' lang='lat' dir='ltr'>expen&#39;</span> <span class='ocrx_word' id='word_1_51' title='bbox 972 687 992 734; x_wconf 88' lang='lat' dir='ltr'>ij</span> <span class='ocrx_word' id='word_1_52' title='bbox 1010 692 1134 733; x_wconf 84' lang='lat' dir='ltr'>quarte</span> <span class='ocrx_word' id='word_1_53' title='bbox 1152 692 1263 721; x_wconf 85' lang='lat' dir='ltr'>merte</span> <span class='ocrx_word' id='word_1_54' title='bbox 1284 700 1294 720; x_wconf 84' lang='lat' dir='ltr'>l</span> <span class='ocrx_word' id='word_1_55' title='bbox 1315 691 1349 721; x_wconf 79' lang='lat' dir='ltr'>et</span> <span class='ocrx_word' id='word_1_56' title='bbox 1367 685 1410 721; x_wconf 88' lang='lat' dir='ltr'>fic</span> <span class='ocrx_word' id='word_1_57' title='bbox 1428 700 1515 733; x_wconf 83' lang='lat' dir='ltr'>eque</span> <span class='ocrx_word' id='word_1_58' title='bbox 1543 700 1554 720; x_wconf 77' lang='lat' dir='ltr'><em>s</em></span> <span class='ocrx_word' id='word_1_59' title='bbox 1584 687 1675 721; x_wconf 82' lang='lat' dir='ltr'>Item</span> 
     </span>
     <span class='ocr_line' id='line_1_6' title="bbox 263 764 1673 816; baseline -0.004 -13"><span class='ocrx_word' id='word_1_60' title='bbox 263 771 366 816; x_wconf 73' lang='lat' dir='ltr'>empt’</span> <span class='ocrx_word' id='word_1_61' title='bbox 385 769 405 815; x_wconf 85' lang='lat' dir='ltr'>ij</span> <span class='ocrx_word' id='word_1_62' title='bbox 427 768 583 813; x_wconf 82' lang='lat' dir='ltr'>carcagia</span> <span class='ocrx_word' id='word_1_63' title='bbox 600 772 790 801; x_wconf 83' lang='lat' dir='ltr'>mertarum</span> <span class='ocrx_word' id='word_1_64' title='bbox 818 765 1011 800; x_wconf 82' lang='lat' dir='ltr'>herbalium</span> <span class='ocrx_word' id='word_1_65' title='bbox 1032 765 1127 812; x_wconf 85' lang='lat' dir='ltr'><strong>price</strong></span> <span class='ocrx_word' id='word_1_66' title='bbox 1145 765 1179 811; x_wconf 88' lang='lat' dir='ltr'>iij</span> <span class='ocrx_word' id='word_1_67' title='bbox 1209 765 1234 799; x_wconf 77' lang='lat' dir='ltr'>fi</span> <span class='ocrx_word' id='word_1_68' title='bbox 1258 778 1268 798; x_wconf 84' lang='lat' dir='ltr'><em>l</em></span> <span class='ocrx_word' id='word_1_69' title='bbox 1297 765 1339 798; x_wconf 91' lang='lat' dir='ltr'>de</span> <span class='ocrx_word' id='word_1_70' title='bbox 1370 764 1494 810; x_wconf 82' lang='lat' dir='ltr'>quibus</span> <span class='ocrx_word' id='word_1_71' title='bbox 1524 767 1647 812; x_wconf 84' lang='lat' dir='ltr'>expen’</span> <span class='ocrx_word' id='word_1_72' title='bbox 1660 767 1673 811; x_wconf 84' lang='lat' dir='ltr'>j</span> 
     </span>
     <span class='ocr_line' id='line_1_7' title="bbox 263 842 1677 891; baseline -0.004 -10"><span class='ocrx_word' id='word_1_73' title='bbox 263 852 372 881; x_wconf 75' lang='lat' dir='ltr'>mel-ta</span> <span class='ocrx_word' id='word_1_74' title='bbox 392 860 402 879; x_wconf 80' lang='lat' dir='ltr'><em>s</em></span> <span class='ocrx_word' id='word_1_75' title='bbox 422 850 456 880; x_wconf 77' lang='lat' dir='ltr'>et</span> <span class='ocrx_word' id='word_1_76' title='bbox 473 844 516 879; x_wconf 82' lang='lat' dir='ltr'>sle</span> <span class='ocrx_word' id='word_1_77' title='bbox 535 844 637 879; x_wconf 82' lang='lat' dir='ltr'>restat</span> <span class='ocrx_word' id='word_1_78' title='bbox 648 844 662 891; x_wconf 91' lang='lat' dir='ltr'>j</span> <span class='ocrx_word' id='word_1_79' title='bbox 684 849 795 878; x_wconf 83' lang='lat' dir='ltr'>merta</span> <span class='ocrx_word' id='word_1_80' title='bbox 811 842 973 877; x_wconf 77' lang='lat' dir='ltr'>herbalis.</span> <span class='ocrx_word' id='word_1_81' title='bbox 1002 842 1093 877; x_wconf 87' lang='lat' dir='ltr'>Item</span> <span class='ocrx_word' id='word_1_82' title='bbox 1113 844 1218 890; x_wconf 83' lang='lat' dir='ltr'>empt’</span> <span class='ocrx_word' id='word_1_83' title='bbox 1232 843 1291 876; x_wconf 85' lang='lat' dir='ltr'>xix</span> <span class='ocrx_word' id='word_1_84' title='bbox 1308 848 1469 877; x_wconf 85' lang='lat' dir='ltr'>mutones</span> <span class='ocrx_word' id='word_1_85' title='bbox 1482 843 1577 890; x_wconf 81' lang='lat' dir='ltr'>price</span> <span class='ocrx_word' id='word_1_86' title='bbox 1591 843 1636 890; x_wconf 79' lang='lat' dir='ltr'>iiij</span> <span class='ocrx_word' id='word_1_87' title='bbox 1652 844 1677 877; x_wconf 75' lang='lat' dir='ltr'><strong>fi</strong></span> 
     </span>
     <span class='ocr_line' id='line_1_8' title="bbox 263 920 1676 971; baseline -0.004 -12"><span class='ocrx_word' id='word_1_88' title='bbox 263 925 319 971; x_wconf 79' lang='lat' dir='ltr'>viij</span> <span class='ocrx_word' id='word_1_89' title='bbox 334 930 348 959; x_wconf 67' lang='grc' dir='ltr'>ἔ</span> <span class='ocrx_word' id='word_1_90' title='bbox 365 925 422 970; x_wconf 87' lang='lat' dir='ltr'>viij</span> <span class='ocrx_word' id='word_1_91' title='bbox 441 924 465 958; x_wconf 80' lang='lat' dir='ltr'>d</span> <span class='ocrx_word' id='word_1_92' title='bbox 484 937 494 957; x_wconf 79' lang='lat' dir='ltr'><em>s</em></span> <span class='ocrx_word' id='word_1_93' title='bbox 514 924 535 970; x_wconf 85' lang='lat' dir='ltr'>ij</span> <span class='ocrx_word' id='word_1_94' title='bbox 556 923 675 969; x_wconf 86' lang='lat' dir='ltr'>lingue</span> <span class='ocrx_word' id='word_1_95' title='bbox 694 922 813 968; x_wconf 88' lang='lat' dir='ltr'>bouinj</span> <span class='ocrx_word' id='word_1_96' title='bbox 835 935 845 955; x_wconf 79' lang='lat' dir='ltr'><em>s</em></span> <span class='ocrx_word' id='word_1_97' title='bbox 864 921 899 968; x_wconf 81' lang='lat' dir='ltr'>iij</span> <span class='ocrx_word' id='word_1_98' title='bbox 918 921 1005 955; x_wconf 85' lang='lat' dir='ltr'>libre</span> <span class='ocrx_word' id='word_1_99' title='bbox 1024 922 1098 967; x_wconf 84' lang='lat' dir='ltr'>cepj</span> <span class='ocrx_word' id='word_1_100' title='bbox 1119 933 1130 954; x_wconf 76' lang='lat' dir='ltr'><em>s</em></span> <span class='ocrx_word' id='word_1_101' title='bbox 1150 920 1172 967; x_wconf 88' lang='lat' dir='ltr'>ij</span> <span class='ocrx_word' id='word_1_102' title='bbox 1192 925 1207 955; x_wconf 74' lang='grc' dir='ltr'><strong>ἔ</strong></span> <span class='ocrx_word' id='word_1_103' title='bbox 1226 933 1236 954; x_wconf 85' lang='lat' dir='ltr'><em>l</em></span> <span class='ocrx_word' id='word_1_104' title='bbox 1256 920 1277 967; x_wconf 85' lang='lat' dir='ltr'>ij</span> <span class='ocrx_word' id='word_1_105' title='bbox 1297 926 1419 966; x_wconf 86' lang='lat' dir='ltr'>quarte</span> <span class='ocrx_word' id='word_1_106' title='bbox 1438 921 1538 967; x_wconf 83' lang='lat' dir='ltr'>vitulj</span> <span class='ocrx_word' id='word_1_107' title='bbox 1561 924 1676 968; x_wconf 83' lang='lat' dir='ltr'>maguj</span> 
     </span>
     <span class='ocr_line' id='line_1_9' title="bbox 263 997 1677 1048; baseline -0.004 -11"><span class='ocrx_word' id='word_1_108' title='bbox 263 1004 295 1048; x_wconf 85' lang='lat' dir='ltr'>vj</span> <span class='ocrx_word' id='word_1_109' title='bbox 310 1008 324 1037; x_wconf 67' lang='grc' dir='ltr'>Ξ</span> <span class='ocrx_word' id='word_1_110' title='bbox 337 1016 347 1036; x_wconf 78' lang='lat' dir='ltr'><em>s</em></span> <span class='ocrx_word' id='word_1_111' title='bbox 361 1008 395 1036; x_wconf 76' lang='lat' dir='ltr'>et</span> <span class='ocrx_word' id='word_1_112' title='bbox 409 1001 531 1048; x_wconf 86' lang='lat' dir='ltr'>expeu’</span> <span class='ocrx_word' id='word_1_113' title='bbox 551 1014 561 1034; x_wconf 84' lang='lat' dir='ltr'><em>l</em></span> <span class='ocrx_word' id='word_1_114' title='bbox 583 1000 673 1034; x_wconf 85' lang='lat' dir='ltr'>Item</span> <span class='ocrx_word' id='word_1_115' title='bbox 694 1000 798 1046; x_wconf 78' lang='lat' dir='ltr'>empt’</span> <span class='ocrx_word' id='word_1_116' title='bbox 816 999 838 1046; x_wconf 81' lang='lat' dir='ltr'>ij</span> <span class='ocrx_word' id='word_1_117' title='bbox 857 998 1002 1046; x_wconf 87' lang='lat' dir='ltr'>porcellj</span> <span class='ocrx_word' id='word_1_118' title='bbox 1023 997 1062 1044; x_wconf 78' lang='lat' dir='ltr'>tj</span> <span class='ocrx_word' id='word_1_119' title='bbox 1077 1010 1162 1032; x_wconf 84' lang='lat' dir='ltr'>auca</span> <span class='ocrx_word' id='word_1_120' title='bbox 1175 997 1294 1032; x_wconf 80' lang='lat' dir='ltr'>solaris</span> <span class='ocrx_word' id='word_1_121' title='bbox 1310 1011 1320 1031; x_wconf 82' lang='lat' dir='ltr'><em>s</em></span> <span class='ocrx_word' id='word_1_122' title='bbox 1335 998 1381 1045; x_wconf 77' lang='lat' dir='ltr'>iiij</span> <span class='ocrx_word' id='word_1_123' title='bbox 1401 1003 1415 1033; x_wconf 68' lang='grc' dir='ltr'><em>ἒ</em></span> <span class='ocrx_word' id='word_1_124' title='bbox 1435 1012 1445 1032; x_wconf 77' lang='lat' dir='ltr'><em>s</em></span> <span class='ocrx_word' id='word_1_125' title='bbox 1464 999 1548 1046; x_wconf 86' lang='lat' dir='ltr'>xliiij</span> <span class='ocrx_word' id='word_1_126' title='bbox 1562 1000 1677 1046; x_wconf 70' lang='lat' dir='ltr'>pulcre</span> 
     </span>
     <span class='ocr_line' id='line_1_10' title="bbox 263 1076 1675 1125; baseline -0.002 -11"><span class='ocrx_word' id='word_1_127' title='bbox 263 1093 332 1114; x_wconf 82' lang='lat' dir='ltr'>xxv</span> <span class='ocrx_word' id='word_1_128' title='bbox 348 1085 362 1114; x_wconf 66' lang='grc' dir='ltr'>ἔ</span> <span class='ocrx_word' id='word_1_129' title='bbox 380 1080 436 1125; x_wconf 87' lang='lat' dir='ltr'>viij</span> <span class='ocrx_word' id='word_1_130' title='bbox 449 1079 472 1113; x_wconf 77' lang='lat' dir='ltr'>d</span> <span class='ocrx_word' id='word_1_131' title='bbox 485 1092 496 1112; x_wconf 86' lang='lat' dir='ltr'>l</span> <span class='ocrx_word' id='word_1_132' title='bbox 509 1078 604 1125; x_wconf 83' lang='lat' dir='ltr'>xxiiij</span> <span class='ocrx_word' id='word_1_133' title='bbox 620 1077 705 1124; x_wconf 85' lang='lat' dir='ltr'>pullj</span> <span class='ocrx_word' id='word_1_134' title='bbox 721 1076 930 1123; x_wconf 83' lang='lat' dir='ltr'>gallinarum</span> <span class='ocrx_word' id='word_1_135' title='bbox 945 1077 978 1122; x_wconf 84' lang='lat' dir='ltr'>xj</span> <span class='ocrx_word' id='word_1_136' title='bbox 994 1081 1009 1110; x_wconf 71' lang='grc' dir='ltr'>ἕ</span> <span class='ocrx_word' id='word_1_137' title='bbox 1028 1089 1039 1109; x_wconf 80' lang='grc' dir='ltr'><em>Ι</em></span> <span class='ocrx_word' id='word_1_138' title='bbox 1059 1076 1093 1109; x_wconf 85' lang='lat' dir='ltr'>ix</span> <span class='ocrx_word' id='word_1_139' title='bbox 1112 1088 1261 1122; x_wconf 82' lang='lat' dir='ltr'>capones</span> <span class='ocrx_word' id='word_1_140' title='bbox 1280 1089 1291 1109; x_wconf 79' lang='lat' dir='ltr'><em>s</em></span> <span class='ocrx_word' id='word_1_141' title='bbox 1310 1076 1356 1123; x_wconf 85' lang='lat' dir='ltr'>xij</span> <span class='ocrx_word' id='word_1_142' title='bbox 1369 1076 1531 1123; x_wconf 82' lang='lat' dir='ltr'>pluuiarij</span> <span class='ocrx_word' id='word_1_143' title='bbox 1550 1090 1619 1111; x_wconf 70' lang='lat' dir='ltr'>lxx</span> <span class='ocrx_word' id='word_1_144' title='bbox 1638 1083 1652 1111; x_wconf 65' lang='grc' dir='ltr'><strong>ἔ</strong></span> <span class='ocrx_word' id='word_1_145' title='bbox 1665 1092 1675 1111; x_wconf 76' lang='lat' dir='ltr'><em>s</em></span> 
     </span>
     <span class='ocr_line' id='line_1_11' title="bbox 263 1153 1675 1204; baseline -0.001 -13"><span class='ocrx_word' id='word_1_146' title='bbox 263 1159 308 1204; x_wconf 85' lang='lat' dir='ltr'>xij</span> <span class='ocrx_word' id='word_1_147' title='bbox 329 1156 480 1203; x_wconf 81' lang='lat' dir='ltr'>cunieulj</span> <span class='ocrx_word' id='word_1_148' title='bbox 494 1156 563 1202; x_wconf 83' lang='lat' dir='ltr'>xvij</span> <span class='ocrx_word' id='word_1_149' title='bbox 577 1161 591 1190; x_wconf 67' lang='grc' dir='ltr'><strong>ἔ</strong></span> <span class='ocrx_word' id='word_1_150' title='bbox 610 1169 621 1190; x_wconf 78' lang='lat' dir='ltr'><em>t</em></span> <span class='ocrx_word' id='word_1_151' title='bbox 636 1157 664 1202; x_wconf 81' lang='lat' dir='ltr'>jc</span> <span class='ocrx_word' id='word_1_152' title='bbox 674 1155 750 1202; x_wconf 86' lang='lat' dir='ltr'>pira</span> <span class='ocrx_word' id='word_1_153' title='bbox 768 1160 802 1189; x_wconf 78' lang='lat' dir='ltr'>et</span> <span class='ocrx_word' id='word_1_154' title='bbox 818 1167 922 1201; x_wconf 84' lang='lat' dir='ltr'>poma</span> <span class='ocrx_word' id='word_1_155' title='bbox 941 1167 952 1187; x_wconf 84' lang='lat' dir='ltr'><em>l</em></span> <span class='ocrx_word' id='word_1_156' title='bbox 972 1154 1007 1200; x_wconf 80' lang='lat' dir='ltr'>ijc</span> <span class='ocrx_word' id='word_1_157' title='bbox 1026 1166 1093 1187; x_wconf 85' lang='lat' dir='ltr'>oua</span> <span class='ocrx_word' id='word_1_158' title='bbox 1106 1167 1117 1187; x_wconf 85' lang='lat' dir='ltr'>l</span> <span class='ocrx_word' id='word_1_159' title='bbox 1132 1154 1178 1200; x_wconf 85' lang='lat' dir='ltr'>vij</span> <span class='ocrx_word' id='word_1_160' title='bbox 1192 1158 1207 1188; x_wconf 71' lang='grc' dir='ltr'>ἔ</span> <span class='ocrx_word' id='word_1_161' title='bbox 1224 1153 1246 1200; x_wconf 85' lang='lat' dir='ltr'>ij</span> <span class='ocrx_word' id='word_1_162' title='bbox 1261 1154 1284 1188; x_wconf 83' lang='lat' dir='ltr'>d</span> <span class='ocrx_word' id='word_1_163' title='bbox 1304 1167 1314 1187; x_wconf 77' lang='grc' dir='ltr'><em>Ι</em></span> <span class='ocrx_word' id='word_1_164' title='bbox 1334 1155 1355 1200; x_wconf 87' lang='lat' dir='ltr'>ij</span> <span class='ocrx_word' id='word_1_165' title='bbox 1376 1155 1487 1201; x_wconf 86' lang='lat' dir='ltr'>capita</span> <span class='ocrx_word' id='word_1_166' title='bbox 1505 1155 1651 1189; x_wconf 83' lang='lat' dir='ltr'>arietum</span> <span class='ocrx_word' id='word_1_167' title='bbox 1664 1170 1675 1189; x_wconf 78' lang='lat' dir='ltr'><em>s</em></span> 
     </span>
     <span class='ocr_line' id='line_1_12' title="bbox 263 1231 1676 1279; baseline -0.001 -11"><span class='ocrx_word' id='word_1_168' title='bbox 263 1236 298 1268; x_wconf 88' lang='lat' dir='ltr'>in</span> <span class='ocrx_word' id='word_1_169' title='bbox 318 1235 424 1269; x_wconf 88' lang='lat' dir='ltr'>ordeo</span> <span class='ocrx_word' id='word_1_170' title='bbox 445 1247 455 1267; x_wconf 80' lang='lat' dir='ltr'><em>s</em></span> <span class='ocrx_word' id='word_1_171' title='bbox 475 1238 510 1268; x_wconf 83' lang='lat' dir='ltr'>et</span> <span class='ocrx_word' id='word_1_172' title='bbox 527 1233 672 1279; x_wconf 81' lang='lat' dir='ltr'>cenapio</span> <span class='ocrx_word' id='word_1_173' title='bbox 693 1245 703 1265; x_wconf 83' lang='lat' dir='ltr'><em>l</em></span> <span class='ocrx_word' id='word_1_174' title='bbox 723 1232 744 1278; x_wconf 82' lang='lat' dir='ltr'>ij</span> <span class='ocrx_word' id='word_1_175' title='bbox 765 1237 779 1267; x_wconf 70' lang='grc' dir='ltr'>ἔ</span> <span class='ocrx_word' id='word_1_176' title='bbox 798 1234 829 1278; x_wconf 88' lang='lat' dir='ltr'>vj</span> <span class='ocrx_word' id='word_1_177' title='bbox 849 1232 873 1266; x_wconf 77' lang='lat' dir='ltr'>d</span> <span class='ocrx_word' id='word_1_178' title='bbox 893 1245 903 1265; x_wconf 75' lang='lat' dir='ltr'><strong><em>s</em></strong></span> <span class='ocrx_word' id='word_1_179' title='bbox 924 1236 958 1266; x_wconf 78' lang='lat' dir='ltr'>et</span> <span class='ocrx_word' id='word_1_180' title='bbox 977 1233 1101 1278; x_wconf 87' lang='lat' dir='ltr'>expen&#39;</span> <span class='ocrx_word' id='word_1_181' title='bbox 1134 1245 1144 1265; x_wconf 78' lang='grc' dir='ltr'><em>Ι</em></span> <span class='ocrx_word' id='word_1_182' title='bbox 1176 1231 1266 1266; x_wconf 85' lang='lat' dir='ltr'>Item</span> <span class='ocrx_word' id='word_1_183' title='bbox 1298 1233 1402 1279; x_wconf 84' lang='lat' dir='ltr'>empt’</span> <span class='ocrx_word' id='word_1_184' title='bbox 1433 1233 1469 1266; x_wconf 88' lang='lat' dir='ltr'>in</span> <span class='ocrx_word' id='word_1_185' title='bbox 1499 1233 1612 1268; x_wconf 82' lang='lat' dir='ltr'>herbis</span> <span class='ocrx_word' id='word_1_186' title='bbox 1643 1241 1676 1267; x_wconf 86' lang='lat' dir='ltr'>et</span> 
     </span>
     <span class='ocr_line' id='line_1_13' title="bbox 265 1310 1129 1358; baseline -0.005 -12"><span class='ocrx_word' id='word_1_187' title='bbox 265 1312 414 1347; x_wconf 82' lang='lat' dir='ltr'>oleribus</span> <span class='ocrx_word' id='word_1_188' title='bbox 432 1324 493 1358; x_wconf 88' lang='lat' dir='ltr'>per</span> <span class='ocrx_word' id='word_1_189' title='bbox 512 1311 645 1345; x_wconf 58' lang='lat' dir='ltr'>dietum</span> <span class='ocrx_word' id='word_1_190' title='bbox 664 1316 802 1356; x_wconf 86' lang='lat' dir='ltr'>tempus</span> <span class='ocrx_word' id='word_1_191' title='bbox 820 1322 842 1342; x_wconf 84' lang='lat' dir='ltr'>x</span> <span class='ocrx_word' id='word_1_192' title='bbox 860 1315 875 1344; x_wconf 74' lang='grc' dir='ltr'><strong>ἔ</strong></span> <span class='ocrx_word' id='word_1_193' title='bbox 902 1323 913 1343; x_wconf 78' lang='lat' dir='ltr'><strong><em>s</em></strong></span> <span class='ocrx_word' id='word_1_194' title='bbox 941 1314 976 1343; x_wconf 88' lang='lat' dir='ltr'>et</span> <span class='ocrx_word' id='word_1_195' title='bbox 995 1310 1129 1356; x_wconf 84' lang='lat' dir='ltr'>expen’.</span> 
     </span>
     <span class='ocr_line' id='line_1_14' title="bbox 775 1386 1159 1434; baseline 0 -14"><span class='ocrx_word' id='word_1_196' title='bbox 775 1386 918 1421; x_wconf 83' lang='lat' dir='ltr'>Summa</span> <span class='ocrx_word' id='word_1_197' title='bbox 936 1387 982 1434; x_wconf 86' lang='lat' dir='ltr'>xij</span> <span class='ocrx_word' id='word_1_198' title='bbox 1000 1387 1026 1421; x_wconf 71' lang='lat' dir='ltr'>ii</span> <span class='ocrx_word' id='word_1_199' title='bbox 1044 1387 1115 1434; x_wconf 81' lang='lat' dir='ltr'>xiiij</span> <span class='ocrx_word' id='word_1_200' title='bbox 1135 1393 1159 1422; x_wconf 71' lang='grc' dir='ltr'>ἔ.</span> 
     </span>
     <span class='ocr_line' id='line_1_15' title="bbox 401 1464 1538 1513; baseline -0.001 -12"><span class='ocrx_word' id='word_1_201' title='bbox 401 1467 543 1501; x_wconf 84' lang='lat' dir='ltr'><strong>Summa</strong></span> <span class='ocrx_word' id='word_1_202' title='bbox 560 1466 675 1500; x_wconf 78' lang='lat' dir='ltr'>totalis</span> <span class='ocrx_word' id='word_1_203' title='bbox 695 1465 815 1501; x_wconf 72' lang='lat' dir='ltr'>mensis</span> <span class='ocrx_word' id='word_1_204' title='bbox 836 1464 983 1511; x_wconf 85' lang='lat' dir='ltr'>Augustj</span> <span class='ocrx_word' id='word_1_205' title='bbox 1003 1465 1177 1510; x_wconf 86' lang='lat' dir='ltr'>hucusque</span> <span class='ocrx_word' id='word_1_206' title='bbox 1195 1465 1243 1511; x_wconf 83' lang='lat' dir='ltr'>iijc</span> <span class='ocrx_word' id='word_1_207' title='bbox 1261 1478 1304 1499; x_wconf 88' lang='lat' dir='ltr'>xv</span> <span class='ocrx_word' id='word_1_208' title='bbox 1323 1466 1348 1500; x_wconf 68' lang='lat' dir='ltr'>ii</span> <span class='ocrx_word' id='word_1_209' title='bbox 1365 1479 1388 1499; x_wconf 88' lang='lat' dir='ltr'>x</span> <span class='ocrx_word' id='word_1_210' title='bbox 1406 1472 1421 1501; x_wconf 72' lang='grc' dir='ltr'><strong>ἓ</strong></span> <span class='ocrx_word' id='word_1_211' title='bbox 1439 1467 1486 1513; x_wconf 82' lang='lat' dir='ltr'>iiij</span> <span class='ocrx_word' id='word_1_212' title='bbox 1504 1468 1538 1502; x_wconf 79' lang='lat' dir='ltr'>d.</span> 
     </span>
    </p>
   </div>
   <div class='ocr_carea' id='block_1_3' title="bbox 1450 1545 1627 1580">
    <p class='ocr_par' dir='ltr' id='par_1_3' title="bbox 1450 1545 1627 1580">
     <span class='ocr_line' id='line_1_16' title="bbox 1450 1545 1627 1580; baseline 0.017 -3"><span class='ocrx_word' id='word_1_213' title='bbox 1450 1556 1524 1578; x_wconf 84' lang='lat' dir='ltr'>Tenet</span> <span class='ocrx_word' id='word_1_214' title='bbox 1542 1545 1627 1580; x_wconf 72' lang='lat' dir='ltr'>Abd</span> 
     </span>
    </p>
   </div>
   <div class='ocr_carea' id='block_1_4' title="bbox 262 1698 1675 2290">
    <p class='ocr_par' dir='ltr' id='par_1_4' title="bbox 262 1698 1675 2290">
     <span class='ocr_line' id='line_1_17' title="bbox 312 1698 1675 1746; baseline -0.001 -9"><span class='ocrx_word' id='word_1_215' title='bbox 312 1708 393 1737; x_wconf 88' lang='lat' dir='ltr'>DIE</span> <span class='ocrx_word' id='word_1_216' title='bbox 418 1706 616 1736; x_wconf 84' lang='lat' dir='ltr'>VENERIS</span> <span class='ocrx_word' id='word_1_217' title='bbox 637 1699 749 1746; x_wconf 88' lang='lat' dir='ltr'>primo</span> <span class='ocrx_word' id='word_1_218' title='bbox 768 1698 991 1745; x_wconf 82' lang='lat' dir='ltr'>SeptembriS.</span> <span class='ocrx_word' id='word_1_219' title='bbox 1026 1704 1283 1734; x_wconf 88' lang='lat' dir='ltr'>PANETRIA.</span> <span class='ocrx_word' id='word_1_220' title='bbox 1312 1698 1370 1733; x_wconf 90' lang='lat' dir='ltr'>De</span> <span class='ocrx_word' id='word_1_221' title='bbox 1382 1700 1581 1746; x_wconf 85' lang='lat' dir='ltr'>preintratis</span> <span class='ocrx_word' id='word_1_222' title='bbox 1594 1714 1604 1734; x_wconf 79' lang='lat' dir='ltr'><em>s</em></span> <span class='ocrx_word' id='word_1_223' title='bbox 1618 1715 1675 1736; x_wconf 84' lang='lat' dir='ltr'>ex-</span> 
     </span>
     <span class='ocr_line' id='line_1_18' title="bbox 263 1776 1674 1826; baseline 0 -13"><span class='ocrx_word' id='word_1_224' title='bbox 263 1781 342 1826; x_wconf 86' lang='lat' dir='ltr'>pen’</span> <span class='ocrx_word' id='word_1_225' title='bbox 361 1780 396 1812; x_wconf 88' lang='lat' dir='ltr'>in</span> <span class='ocrx_word' id='word_1_226' title='bbox 415 1779 589 1812; x_wconf 82' lang='lat' dir='ltr'>dominico</span> <span class='ocrx_word' id='word_1_227' title='bbox 619 1778 676 1824; x_wconf 87' lang='lat' dir='ltr'>viij</span> <span class='ocrx_word' id='word_1_228' title='bbox 706 1789 812 1824; x_wconf 81' lang='lat' dir='ltr'>panes</span> <span class='ocrx_word' id='word_1_229' title='bbox 831 1790 842 1810; x_wconf 78' lang='lat' dir='ltr'><em>s</em></span> <span class='ocrx_word' id='word_1_230' title='bbox 863 1776 905 1810; x_wconf 86' lang='lat' dir='ltr'>de</span> <span class='ocrx_word' id='word_1_231' title='bbox 923 1776 1074 1810; x_wconf 85' lang='lat' dir='ltr'>secundo</span> <span class='ocrx_word' id='word_1_232' title='bbox 1087 1777 1115 1822; x_wconf 77' lang='lat' dir='ltr'>je</span> <span class='ocrx_word' id='word_1_233' title='bbox 1133 1776 1195 1810; x_wconf 85' lang='lat' dir='ltr'>xlv</span> <span class='ocrx_word' id='word_1_234' title='bbox 1213 1789 1320 1823; x_wconf 83' lang='lat' dir='ltr'>panes</span> <span class='ocrx_word' id='word_1_235' title='bbox 1347 1790 1358 1810; x_wconf 76' lang='lat' dir='ltr'><em>s</em></span> <span class='ocrx_word' id='word_1_236' title='bbox 1387 1777 1476 1812; x_wconf 86' lang='lat' dir='ltr'>Item</span> <span class='ocrx_word' id='word_1_237' title='bbox 1497 1781 1619 1826; x_wconf 84' lang='lat' dir='ltr'>expen’</span> <span class='ocrx_word' id='word_1_238' title='bbox 1639 1780 1674 1814; x_wconf 87' lang='lat' dir='ltr'>in</span> 
     </span>
     <span class='ocr_line' id='line_1_19' title="bbox 262 1853 1675 1903; baseline 0.001 -13"><span class='ocrx_word' id='word_1_239' title='bbox 262 1856 400 1903; x_wconf 80' lang='lat' dir='ltr'>pastillis</span> <span class='ocrx_word' id='word_1_240' title='bbox 426 1856 495 1902; x_wconf 82' lang='lat' dir='ltr'>xxij</span> <span class='ocrx_word' id='word_1_241' title='bbox 523 1867 628 1902; x_wconf 84' lang='lat' dir='ltr'>panes</span> <span class='ocrx_word' id='word_1_242' title='bbox 648 1868 658 1888; x_wconf 80' lang='lat' dir='ltr'><em>l</em></span> <span class='ocrx_word' id='word_1_243' title='bbox 680 1854 823 1889; x_wconf 84' lang='lat' dir='ltr'>Summa</span> <span class='ocrx_word' id='word_1_244' title='bbox 850 1853 1077 1900; x_wconf 81' lang='lat' dir='ltr'>expensarum</span> <span class='ocrx_word' id='word_1_245' title='bbox 1102 1856 1130 1900; x_wconf 73' lang='lat' dir='ltr'>j⁰</span> <span class='ocrx_word' id='word_1_246' title='bbox 1157 1853 1240 1889; x_wconf 56' lang='lat' dir='ltr'>lxxv</span> <span class='ocrx_word' id='word_1_247' title='bbox 1267 1867 1373 1902; x_wconf 83' lang='lat' dir='ltr'>panes</span> <span class='ocrx_word' id='word_1_248' title='bbox 1392 1869 1404 1889; x_wconf 87' lang='lat' dir='ltr'><em>l</em></span> <span class='ocrx_word' id='word_1_249' title='bbox 1423 1862 1457 1890; x_wconf 87' lang='lat' dir='ltr'>et</span> <span class='ocrx_word' id='word_1_250' title='bbox 1483 1855 1527 1890; x_wconf 87' lang='lat' dir='ltr'>fic</span> <span class='ocrx_word' id='word_1_251' title='bbox 1550 1857 1675 1892; x_wconf 84' lang='lat' dir='ltr'>restant</span> 
     </span>
     <span class='ocr_line' id='line_1_20' title="bbox 262 1931 1673 1982; baseline 0.001 -15"><span class='ocrx_word' id='word_1_252' title='bbox 262 1934 320 1980; x_wconf 66' lang='lat' dir='ltr'>ijffl</span> <span class='ocrx_word' id='word_1_253' title='bbox 338 1940 370 1967; x_wconf 79' lang='lat' dir='ltr'>vc</span> <span class='ocrx_word' id='word_1_254' title='bbox 388 1934 518 1979; x_wconf 81' lang='lat' dir='ltr'>lxxxvij</span> <span class='ocrx_word' id='word_1_255' title='bbox 539 1945 658 1979; x_wconf 81' lang='lat' dir='ltr'>panes.</span> <span class='ocrx_word' id='word_1_256' title='bbox 710 1938 1026 1968; x_wconf 86' lang='lat' dir='ltr'>BUTELLARIA.</span> <span class='ocrx_word' id='word_1_257' title='bbox 1055 1931 1112 1966; x_wconf 94' lang='lat' dir='ltr'>De</span> <span class='ocrx_word' id='word_1_258' title='bbox 1143 1931 1284 1966; x_wconf 81' lang='lat' dir='ltr'>ceruifia</span> <span class='ocrx_word' id='word_1_259' title='bbox 1309 1933 1502 1979; x_wconf 80' lang='lat' dir='ltr'>preintrata</span> <span class='ocrx_word' id='word_1_260' title='bbox 1520 1948 1531 1968; x_wconf 85' lang='lat' dir='ltr'><em>l</em></span> <span class='ocrx_word' id='word_1_261' title='bbox 1551 1938 1673 1982; x_wconf 88' lang='lat' dir='ltr'>expen’</span> 
     </span>
     <span class='ocr_line' id='line_1_21' title="bbox 263 2008 1672 2058; baseline 0.002 -14"><span class='ocrx_word' id='word_1_262' title='bbox 263 2011 320 2045; x_wconf 85' lang='lat' dir='ltr'>xlv</span> <span class='ocrx_word' id='word_1_263' title='bbox 339 2011 453 2057; x_wconf 83' lang='lat' dir='ltr'>lagine</span> <span class='ocrx_word' id='word_1_264' title='bbox 472 2011 493 2057; x_wconf 81' lang='lat' dir='ltr'>ij</span> <span class='ocrx_word' id='word_1_265' title='bbox 513 2016 635 2056; x_wconf 82' lang='lat' dir='ltr'>quarte</span> <span class='ocrx_word' id='word_1_266' title='bbox 654 2008 793 2044; x_wconf 87' lang='lat' dir='ltr'>ceruifie</span> <span class='ocrx_word' id='word_1_267' title='bbox 814 2023 824 2043; x_wconf 76' lang='lat' dir='ltr'><em>s</em></span> <span class='ocrx_word' id='word_1_268' title='bbox 844 2015 879 2044; x_wconf 82' lang='lat' dir='ltr'>et</span> <span class='ocrx_word' id='word_1_269' title='bbox 908 2009 951 2044; x_wconf 87' lang='lat' dir='ltr'>fic</span> <span class='ocrx_word' id='word_1_270' title='bbox 979 2009 1108 2044; x_wconf 82' lang='lat' dir='ltr'>restant</span> <span class='ocrx_word' id='word_1_271' title='bbox 1138 2010 1186 2057; x_wconf 81' lang='lat' dir='ltr'>iijc</span> <span class='ocrx_word' id='word_1_272' title='bbox 1212 2010 1343 2058; x_wconf 80' lang='lat' dir='ltr'>xxxviij</span> <span class='ocrx_word' id='word_1_273' title='bbox 1372 2011 1487 2058; x_wconf 84' lang='lat' dir='ltr'>lagine</span> <span class='ocrx_word' id='word_1_274' title='bbox 1505 2012 1645 2047; x_wconf 84' lang='lat' dir='ltr'>eeruifie</span> <span class='ocrx_word' id='word_1_275' title='bbox 1662 2027 1672 2046; x_wconf 80' lang='lat' dir='ltr'><em>s</em></span> 
     </span>
     <span class='ocr_line' id='line_1_22' title="bbox 265 2087 1673 2134; baseline 0.002 -12"><span class='ocrx_word' id='word_1_276' title='bbox 265 2089 355 2122; x_wconf 84' lang='lat' dir='ltr'>Item</span> <span class='ocrx_word' id='word_1_277' title='bbox 376 2090 480 2134; x_wconf 86' lang='lat' dir='ltr'>empt&#39;</span> <span class='ocrx_word' id='word_1_278' title='bbox 498 2101 560 2134; x_wconf 88' lang='lat' dir='ltr'>per</span> <span class='ocrx_word' id='word_1_279' title='bbox 580 2087 810 2122; x_wconf 87' lang='lat' dir='ltr'>Willielmum</span> <span class='ocrx_word' id='word_1_280' title='bbox 832 2088 1097 2134; x_wconf 69' lang='lat' dir='ltr'>Cwnynghame</span> <span class='ocrx_word' id='word_1_281' title='bbox 1114 2087 1334 2123; x_wconf 80' lang='lat' dir='ltr'>brafiatorem</span> <span class='ocrx_word' id='word_1_282' title='bbox 1365 2090 1508 2125; x_wconf 85' lang='lat' dir='ltr'>nomine</span> <span class='ocrx_word' id='word_1_283' title='bbox 1527 2090 1673 2125; x_wconf 81' lang='lat' dir='ltr'>Rotula-</span> 
     </span>
     <span class='ocr_line' id='line_1_23' title="bbox 264 2165 1671 2214; baseline 0.003 -15"><span class='ocrx_word' id='word_1_284' title='bbox 264 2166 348 2199; x_wconf 79' lang='lat' dir='ltr'>toris</span> <span class='ocrx_word' id='word_1_285' title='bbox 366 2166 388 2212; x_wconf 85' lang='lat' dir='ltr'>ij</span> <span class='ocrx_word' id='word_1_286' title='bbox 408 2165 523 2200; x_wconf 88' lang='lat' dir='ltr'>celdre</span> <span class='ocrx_word' id='word_1_287' title='bbox 542 2166 599 2211; x_wconf 87' lang='lat' dir='ltr'>viij</span> <span class='ocrx_word' id='word_1_288' title='bbox 618 2165 710 2199; x_wconf 89' lang='lat' dir='ltr'>bolle</span> <span class='ocrx_word' id='word_1_289' title='bbox 730 2165 826 2212; x_wconf 82' lang='lat' dir='ltr'>brafij</span> <span class='ocrx_word' id='word_1_290' title='bbox 848 2179 859 2199; x_wconf 79' lang='lat' dir='ltr'><em>s</em></span> <span class='ocrx_word' id='word_1_291' title='bbox 878 2166 972 2212; x_wconf 85' lang='lat' dir='ltr'>price</span> <span class='ocrx_word' id='word_1_292' title='bbox 990 2165 1082 2200; x_wconf 88' lang='lat' dir='ltr'>bolle</span> <span class='ocrx_word' id='word_1_293' title='bbox 1101 2166 1223 2212; x_wconf 86' lang='lat' dir='ltr'>vigintj</span> <span class='ocrx_word' id='word_1_294' title='bbox 1243 2166 1339 2214; x_wconf 85' lang='lat' dir='ltr'>solidj</span> <span class='ocrx_word' id='word_1_295' title='bbox 1369 2180 1380 2200; x_wconf 79' lang='grc' dir='ltr'><em>Ι</em></span> <span class='ocrx_word' id='word_1_296' title='bbox 1408 2167 1551 2202; x_wconf 86' lang='lat' dir='ltr'><strong>Summa</strong></span> <span class='ocrx_word' id='word_1_297' title='bbox 1567 2168 1603 2202; x_wconf 87' lang='lat' dir='ltr'>xl</span> <span class='ocrx_word' id='word_1_298' title='bbox 1620 2170 1644 2203; x_wconf 80' lang='lat' dir='ltr'>fi</span> <span class='ocrx_word' id='word_1_299' title='bbox 1660 2183 1671 2202; x_wconf 78' lang='lat' dir='ltr'><em>s</em></span> 
     </span>
     <span class='ocr_line' id='line_1_24' title="bbox 266 2242 1672 2290; baseline 0.002 -13"><span class='ocrx_word' id='word_1_300' title='bbox 266 2243 308 2277; x_wconf 92' lang='lat' dir='ltr'>de</span> <span class='ocrx_word' id='word_1_301' title='bbox 326 2243 448 2288; x_wconf 82' lang='lat' dir='ltr'>quibus</span> <span class='ocrx_word' id='word_1_302' title='bbox 465 2248 707 2290; x_wconf 86' lang='lat' dir='ltr'>prouenerunt</span> <span class='ocrx_word' id='word_1_303' title='bbox 728 2243 763 2277; x_wconf 90' lang='lat' dir='ltr'>in</span> <span class='ocrx_word' id='word_1_304' title='bbox 783 2242 923 2278; x_wconf 82' lang='lat' dir='ltr'>ceruifia</span> <span class='ocrx_word' id='word_1_305' title='bbox 940 2244 988 2290; x_wconf 75' lang='lat' dir='ltr'>iijc</span> <span class='ocrx_word' id='word_1_306' title='bbox 1005 2243 1042 2276; x_wconf 81' lang='lat' dir='ltr'>xl</span> <span class='ocrx_word' id='word_1_307' title='bbox 1058 2242 1172 2288; x_wconf 81' lang='lat' dir='ltr'>lagine</span> <span class='ocrx_word' id='word_1_308' title='bbox 1191 2243 1330 2278; x_wconf 84' lang='lat' dir='ltr'>ceruifie</span> <span class='ocrx_word' id='word_1_309' title='bbox 1350 2258 1361 2278; x_wconf 78' lang='lat' dir='ltr'><strong><em>s</em></strong></span> <span class='ocrx_word' id='word_1_310' title='bbox 1381 2250 1415 2279; x_wconf 89' lang='lat' dir='ltr'>et</span> <span class='ocrx_word' id='word_1_311' title='bbox 1432 2244 1475 2279; x_wconf 85' lang='lat' dir='ltr'>fic</span> <span class='ocrx_word' id='word_1_312' title='bbox 1493 2245 1619 2280; x_wconf 86' lang='lat' dir='ltr'>restant</span> <span class='ocrx_word' id='word_1_313' title='bbox 1637 2247 1672 2280; x_wconf 93' lang='lat' dir='ltr'>in</span> 
     </span>
    </p>
   </div>
   <div class='ocr_carea' id='block_1_5' title="bbox 266 2320 1672 2373">
    <p class='ocr_par' dir='ltr' id='par_1_5' title="bbox 266 2320 1672 2373">
     <span class='ocr_line' id='line_1_25' title="bbox 266 2320 1672 2373; baseline 0.004 -19"><span class='ocrx_word' id='word_1_314' title='bbox 266 2326 340 2355; x_wconf 82' lang='lat' dir='ltr'>toto</span> <span class='ocrx_word' id='word_1_315' title='bbox 371 2323 417 2367; x_wconf 59' lang='lat' dir='ltr'>vs</span> <span class='ocrx_word' id='word_1_316' title='bbox 446 2321 566 2368; x_wconf 85' lang='lat' dir='ltr'>lxxviij</span> <span class='ocrx_word' id='word_1_317' title='bbox 598 2321 712 2367; x_wconf 83' lang='lat' dir='ltr'>lagine</span> <span class='ocrx_word' id='word_1_318' title='bbox 745 2320 895 2356; x_wconf 85' lang='lat' dir='ltr'>ceruifie.</span> <span class='ocrx_word' id='word_1_319' title='bbox 949 2327 1164 2363; x_wconf 83' lang='lat' dir='ltr'>COQUINA.</span> <span class='ocrx_word' id='word_1_320' title='bbox 1192 2320 1310 2369; x_wconf 86' lang='lat' dir='ltr'>Empt&#39;</span> <span class='ocrx_word' id='word_1_321' title='bbox 1338 2323 1373 2369; x_wconf 88' lang='lat' dir='ltr'>iij</span> <span class='ocrx_word' id='word_1_322' title='bbox 1405 2322 1564 2358; x_wconf 82' lang='lat' dir='ltr'>mulones</span> <span class='ocrx_word' id='word_1_323' title='bbox 1583 2338 1594 2358; x_wconf 82' lang='lat' dir='ltr'><em>s</em></span> <span class='ocrx_word' id='word_1_324' title='bbox 1614 2327 1672 2373; x_wconf 75' lang='lat' dir='ltr'>vij·&#39;</span> 
     </span>
    </p>
   </div>
  </div>
 </body>
</html>
