1861 2703
284 263 332 293 50
760 258 918 293 LIBER
946 257 1224 295 DOMICILII
1595 263 1701 294 1525.

283 356 296 402 j
317 355 420 389 turbo
441 368 449 390 ι
469 357 502 402 vj
521 354 691 389 salmones
708 360 865 390 recentes
884 368 895 389 l
914 356 952 389 in
968 355 1071 390 trutis
1090 368 1102 389 t
1121 354 1295 402 grenbans
1311 367 1322 388 l
1337 354 1490 389 fundolis
1509 367 1520 388 s
1540 355 1704 389 conchili-

290 434 351 468 bus
371 447 382 467 s
397 436 410 479 j
430 432 537 480 padill
556 445 568 467 l
586 432 632 479 iiij
653 432 733 479 lucij
755 446 765 467 l
783 433 820 480 ijc
837 432 947 468 bukes
967 445 978 467 l
991 433 1042 480 jsO
1055 434 1082 480 jc
1101 432 1201 467 ostria
1220 446 1231 467 t
1250 432 1287 466 in
1299 433 1431 467 cancris
1449 446 1461 467 t
1480 438 1515 468 et
1526 434 1676 479 cariagio
1692 447 1704 466 ι

293 512 372 558 varij
392 511 497 558 precij
527 524 538 545 l
567 511 710 546 Summa
726 524 748 545 v
765 511 790 545 fi
808 511 865 558 viij
886 516 901 546 ἕ
918 510 939 557 ij
959 510 983 545 d
1003 523 1015 544 l
1034 515 1069 544 et
1087 511 1210 557 expen’
1239 523 1247 545 l
1278 510 1369 545 Item
1396 511 1438 545 de
1464 512 1665 557 preintratis
1693 524 1704 544 l

291 591 413 637 expen’
431 589 451 635 ij
474 588 641 623 salmones
667 588 739 623 falfi
770 602 782 622 l
812 590 859 635 xij
878 587 987 635 girlfis
1007 601 1018 621 t
1038 593 1073 622 et
1089 586 1132 622 fic
1149 587 1287 622 restant.

775 666 919 701 Summa
935 679 958 701 v
974 666 999 700 ii
1018 666 1076 712 viij
1096 670 1111 700 ἔ
1128 665 1150 712 ij
1170 666 1204 700 d.

339 830 420 859 DIE
445 829 643 859 VENERIS
661 822 746 856 xxiii
765 821 904 856 Mercii.
958 827 1206 857 PANETRIA.
1250 821 1293 855 In
1324 821 1500 856 dominico
1520 823 1644 869 expen’
1661 823 1706 869 xij

291 913 397 947 panes
417 914 428 934 l
448 900 490 935 de
508 899 659 934 secundo
685 902 712 946 jc
739 899 872 933 lxxxxv
890 911 996 946 panes
1024 913 1035 932 l
1065 899 1208 934 Summa
1229 899 1258 945 jc
1290 905 1341 933 vxx
1367 899 1412 946 vij
1432 913 1538 947 panes
1567 915 1577 934 l
1605 907 1640 935 et
1666 900 1709 935 fic

292 978 419 1013 reflant
432 978 526 1025 viijffl
541 977 611 1025 viijc
625 977 706 1024 xviij
720 989 837 1024 panes.
867 984 1083 1020 COQUINA.
1122 977 1180 1011 De
1200 976 1342 1012 ceruifia
1356 995 1366 1011 l
1383 979 1507 1025 expen’
1521 979 1578 1025 lvij
1595 979 1710 1024 lagine

293 1057 326 1103 iij
347 1063 468 1103 quarte
483 1055 622 1091 ceruifie
642 1070 653 1090 l
669 1056 765 1102 xlviij
782 1056 908 1102 lagine.
961 1062 1241 1093 BUTELARIA.
1280 1056 1337 1090 De
1350 1056 1550 1103 preintratis
1563 1070 1574 1091 t
1587 1059 1711 1104 expen’

294 1368 452 1402 mulones
470 1372 628 1402 recentes
648 1381 659 1402 t
677 1367 726 1414 iijc
743 1367 810 1414 albj
831 1366 977 1414 [pisces]
997 1381 1008 1402 s
1030 1367 1127 1414 xxiiij
1147 1367 1328 1414 merlingis
1348 1380 1359 1401 t
1372 1367 1387 1414 j
1407 1367 1511 1402 turbo
1542 1381 1553 1401 s
1579 1370 1593 1414 j
1626 1368 1714 1414 riga-

295 1447 390 1480 dium
411 1460 421 1479 s
441 1447 462 1493 ij
482 1445 653 1480 salmones
671 1451 828 1480 recentes
848 1446 886 1492 sj
907 1445 1013 1492 padill
1034 1458 1045 1479 ι
1063 1446 1099 1492 iij
1127 1445 1208 1492 lucij
1239 1459 1250 1479 l
1279 1445 1316 1479 in
1333 1445 1487 1480 fundolis
1507 1459 1518 1480 s
1537 1445 1632 1492 xxiiij
1653 1458 1713 1492 po-

296 1524 365 1570 lupj
389 1537 398 1557 t
418 1524 452 1569 ijc
470 1523 580 1558 bukes
600 1540 608 1555 ι
623 1523 673 1570 jffi
692 1523 794 1557 ostria
813 1523 853 1569 tj
874 1523 991 1557 firlota
1008 1522 1084 1558 salis
1104 1536 1115 1557 t
1134 1523 1230 1571 xxiiij
1259 1523 1367 1571 pisces
1393 1524 1479 1570 aridj
1502 1537 1513 1558 s
1534 1524 1593 1571 iiijc
1610 1524 1685 1571 pira
1701 1541 1710 1557 ι

296 1607 328 1634 vc
346 1614 450 1647 poma
469 1615 480 1634 s
498 1601 582 1647 varij
603 1600 708 1647 precij
739 1614 749 1633 l
778 1600 921 1634 Summa
939 1602 972 1646 vj
991 1600 1016 1634 Ῐί
1034 1603 1068 1647 xj
1089 1605 1104 1635 ἕ
1122 1601 1169 1648 iiij
1189 1601 1213 1636 d
1232 1614 1243 1634 s
1263 1607 1298 1635 et
1324 1603 1448 1648 expen'
1477 1615 1488 1635 Ι
1516 1602 1573 1636 De
1599 1603 1713 1648 prein-

297 1679 394 1712 tratis
414 1692 423 1711 s
444 1679 567 1724 expen'
585 1678 617 1724 vj
638 1677 807 1712 salmones
824 1676 895 1712 falfi
914 1694 924 1711 l
944 1691 967 1711 x
984 1676 1091 1723 girllis
1111 1691 1123 1712 t
1144 1684 1179 1712 et
1195 1676 1238 1712 fic
1257 1678 1395 1713 restant.

784 1757 928 1791 Summa
944 1758 977 1803 vj
997 1757 1022 1791 ii
1040 1758 1074 1803 xj
1095 1762 1110 1791 ἕ
1127 1757 1174 1803 iiij
1194 1757 1227 1791 d.

347 1920 426 1949 DIE
452 1920 619 1950 SABOTI
638 1913 735 1946 xxiiii
754 1911 893 1947 Mercii.
946 1918 1194 1949 PANETRIA.
1233 1912 1291 1946 De
1314 1913 1516 1959 preintratis
1548 1927 1558 1946 l
1591 1915 1714 1960 expen’

298 1992 333 2024 in
353 1992 527 2025 dominico
545 1992 591 2038 vij
612 2003 719 2038 panes
738 2004 749 2024 l
769 1990 812 2024 de
829 1991 981 2025 secundo
1009 1992 1134 2038 expen’
1163 1991 1200 2025 in
1228 2003 1315 2025 cena
1343 1991 1366 2037 lj
1399 2003 1505 2038 panes
1534 2004 1542 2025 l
1572 1991 1714 2026 Summa

299 2069 369 2115 lviij
389 2081 495 2114 panes
514 2082 525 2102 l
545 2074 579 2103 et
597 2067 639 2102 fic
657 2067 784 2103 restant
802 2068 889 2115 viijm
915 2069 974 2115 vijc
1000 2069 1087 2104 lxxx
1107 2081 1224 2116 paneS.
1276 2075 1591 2106 BUTELLARIA.
1646 2069 1714 2104 Ex-

299 2223 438 2258 ceruifie
467 2237 477 2257 s
508 2223 597 2258 Item
617 2224 722 2270 empt’
740 2224 773 2270 xj
794 2224 908 2270 lagine
926 2225 948 2272 ij
968 2230 1090 2271 quarte
1108 2223 1249 2259 ceruifie
1277 2225 1372 2272 price
1391 2238 1437 2259 xv
1455 2230 1471 2260 ἔ
1488 2238 1510 2259 x
1527 2225 1551 2260 d
1579 2239 1590 2259 l
1618 2231 1652 2260 et
1671 2225 1714 2260 fic

299 2303 334 2335 in
353 2306 428 2335 toto
446 2301 573 2336 restant
590 2301 649 2337 xlv
666 2301 781 2347 lagine
799 2301 949 2337 ceruifie.
1002 2309 1216 2345 COQUINA.
1254 2302 1311 2337 De
1338 2303 1537 2350 preintratis
1559 2316 1566 2337 t
1587 2305 1714 2350 expen’
