1861 2703
280 224 351 260 106
769 219 928 255 LIBER
956 219 1234 256 DOMICILII
1592 222 1695 256 1526.

277 322 364 357 soun
385 333 395 354 s
414 317 586 355 ,Iohannis
615 315 714 362 Boge
746 321 780 351 et
806 315 980 352 Johannis
1007 315 1185 351 Trumbill
1204 329 1215 350 s
1233 316 1255 363 ij
1278 316 1404 363 Patricj
1436 316 1668 352 Donaldsoun
1686 331 1696 351 s

278 400 310 446 iij
331 396 459 443 Clericj
489 395 749 441 Compotorum
768 407 781 429 l
800 394 955 440 quinque
974 394 1070 440 equis
1088 394 1364 429 Sene-scallorum
1393 394 1501 441 Regis
1520 400 1554 429 et
1573 395 1698 430 Domi-

278 476 344 523 cilij
360 492 369 509 t
385 476 408 522 ij
426 473 573 519 Robertj
591 471 664 508 Gib
685 485 696 507 l
715 472 737 519 ij
755 471 935 519 Willielmj
954 471 1046 506 Wod
1061 485 1072 506 l
1087 472 1108 519 ij
1125 471 1271 520 Henricj
1289 472 1420 520 Kempt
1439 487 1450 508 s
1469 473 1491 520 ij
1509 473 1695 520 Archicocj

281 554 554 600 Regismecnon
567 551 662 596 equis
674 549 697 586 J
699 550 846 584 ohannis
862 549 1011 596 Murray
1024 550 1280 585 barbetonsoris
1292 564 1303 585 J
1318 551 1584 586 Abbreuiatoris
1595 551 1700 587 Com-

278 637 441 679 potorum
463 643 473 664 s
495 628 594 676 Paulj
608 627 808 663 Gaulbrath
824 627 1004 674 Capellanj
1027 627 1171 675 Dominj
1195 629 1302 675 Regis
1322 643 1333 663 l
1351 629 1524 664 ,Iohannis
1543 629 1697 664 Mccrere

280 709 362 755 fatuj
380 721 391 742 s
406 707 429 743 J
432 707 578 742 ohannis
590 705 823 740 Donaldsoun
837 706 873 740 in
885 705 1003 740 aueria
1016 718 1027 740 s
1044 705 1144 753 Fabrj
1162 719 1174 741 t
1189 706 1211 742 J
1214 707 1360 741 ohannis
1379 707 1529 742 Stewart
1547 708 1589 742 de
1609 721 1703 742 man-

281 787 361 820 dato
381 785 527 832 Dominj
546 784 654 831 Regis
667 797 678 819 s
690 783 863 819 Johannis
882 783 979 818 Bane
996 784 1231 831 sumpterman
1251 798 1262 819 s
1284 785 1410 832 Clericj
1429 785 1574 833 Dominj
1594 787 1703 832 Regis

283 864 448 910 [Dominj
471 863 712 905 Rotulatoris]
732 876 743 896 l
763 874 802 896 ac
820 861 956 896 duobus
975 863 1070 908 equis
1088 876 1152 910 pro
1166 863 1304 898 botellis
1319 869 1354 898 et
1364 863 1489 898 balistis
1507 864 1677 911 gestandis
1692 879 1702 898 s

284 942 339 989 quj
353 942 431 976 sunt
444 942 480 975 in
492 953 640 975 numero
652 940 688 973 xl
701 939 778 986 equj
798 952 809 973 l
822 939 1084 974 remanentibus
1094 941 1131 975 in
1146 941 1355 988 Edinburgh
1370 955 1389 976 a
1404 943 1499 977 dicto
1515 943 1570 977 die
1588 943 1702 989 primo

286 1020 372 1066 Maij
385 1020 488 1065 vsque
500 1020 652 1066 primum
667 1017 709 1063 [J
712 1018 805 1065 unij]
821 1017 995 1053 exclufiue
1007 1019 1163 1064 quolibet
1178 1032 1300 1054 eorum
1315 1033 1485 1066 equorum
1499 1021 1703 1068 prescripto-

286 1110 362 1132 rum
377 1098 534 1144 capiente
546 1097 583 1130 in
593 1096 713 1130 auenis
728 1101 762 1130 et
776 1097 857 1130 feno
871 1096 927 1130 sex
942 1097 1103 1131 denarios
1120 1098 1157 1131 in
1175 1098 1280 1132 nocte
1296 1111 1307 1132 s
1321 1111 1455 1132 summa
1474 1099 1558 1146 xxxj
1578 1099 1602 1133 ii
1623 1114 1633 1133 l
1655 1100 1701 1134 Et

286 1176 387 1222 super
407 1174 543 1208 duobus
563 1173 742 1221 Willielmj
763 1173 1008 1220 Symmerwell
1026 1175 1068 1209 de
1085 1175 1219 1222 specialj
1241 1176 1406 1210 mandato
1425 1176 1571 1223 Dominj
1593 1177 1701 1224 Regis

287 1253 546 1288 remanentibus
566 1253 602 1286 in
621 1252 830 1299 Edinburgh
856 1265 919 1299 per
946 1253 1080 1287 dietum
1103 1258 1240 1300 tempus
1258 1254 1473 1301 capientibus
1490 1255 1526 1288 in
1546 1254 1601 1289 die
1618 1256 1641 1302 ij
1661 1261 1675 1290 ἔ
1692 1268 1702 1288 t

286 1344 421 1366 summa
438 1331 471 1378 iij
490 1331 515 1366 ii
534 1331 556 1378 ij
575 1334 590 1366 ἔ
609 1344 620 1366 s
640 1331 731 1366 Item
749 1330 850 1378 super
869 1343 939 1366 vno
953 1331 1099 1379 Dominj
1115 1331 1223 1377 Regis
1236 1332 1365 1366 donato
1384 1331 1553 1379 Magistro
1569 1333 1700 1379 Stabulj

288 1415 493 1445 remanente
513 1411 549 1445 in
570 1409 779 1457 Edinburgh
808 1422 871 1457 per
896 1410 968 1457 xiiij
997 1410 1069 1444 dies
1087 1410 1177 1444 infra
1195 1410 1329 1445 dictum
1347 1416 1484 1458 tempus
1502 1412 1538 1445 in
1556 1412 1676 1446 auenis
1694 1425 1704 1445 t

289 1489 368 1522 feno
389 1502 399 1522 l
419 1494 454 1523 et
471 1501 560 1535 pane
579 1489 707 1534 equino
725 1487 808 1535 xxiij
829 1493 844 1523 ἓ
861 1488 908 1535 iiij
927 1489 961 1523 d.

676 1566 820 1601 Summa
836 1566 985 1612 pecunie
1003 1565 1014 1598 l
1032 1565 1056 1600 fi
1075 1578 1120 1599 xv
1138 1570 1154 1600 ἔ
1170 1565 1217 1611 iiij
1238 1565 1273 1600 d.

341 1722 465 1756 Pmmo
483 1721 591 1756 JUNII
620 1734 630 1754 s
661 1720 761 1767 Rege
788 1726 994 1756 remanente
1019 1720 1057 1755 in
1086 1720 1295 1766 Edinburgh
1314 1733 1325 1754 s
1345 1721 1469 1767 expen’
1486 1720 1587 1767 super
1605 1723 1705 1767 quin-

291 1812 356 1845 que
375 1800 471 1845 equis
489 1797 641 1833 eiusdem
659 1798 920 1833 remanentibus
938 1812 958 1833 a
976 1799 1072 1833 dicto
1091 1799 1146 1833 die
1164 1798 1277 1845 primo
1295 1798 1392 1844 Junij
1418 1797 1583 1833 inclufiue
1602 1797 1705 1844 vsque

290 1879 440 1925 primum
455 1877 546 1911 diem
561 1876 683 1911 menfis
697 1876 719 1912 J
722 1876 782 1923 ulij
799 1876 972 1912 exclufiue
988 1891 999 1912 l
1019 1877 1076 1924 quj
1089 1876 1168 1912 sunt
1179 1876 1322 1923 triginta
1336 1876 1650 1923 diestcapientibus
1669 1878 1705 1910 in

292 1956 412 1990 auenis
431 1969 443 1990 s
462 1955 543 1990 feno
563 1968 574 1989 s
594 1960 628 1990 et
646 1967 735 2002 pane
751 1955 879 2001 equino
894 1968 906 1990 l
922 1954 1137 2002 capientibus
1151 1955 1188 1989 in
1202 1955 1308 1989 nocte
1326 1954 1383 2002 viij
1402 1959 1418 1990 ἕ
1434 1954 1482 2002 iiij
1498 1955 1523 1990 d
1541 1967 1552 1989 s
1571 1967 1705 1989 summa

291 2034 335 2079 xij
348 2033 373 2068 fi
391 2038 439 2068 x&
458 2046 469 2067 s
490 2032 536 2067 Et
548 2032 649 2080 super
661 2045 730 2067 vno
743 2045 871 2079 magno
884 2045 973 2079 equo
986 2032 1133 2080 Dominj
1146 2033 1253 2079 Regis
1265 2037 1435 2079 occupato
1447 2045 1511 2079 pro
1526 2032 1578 2067 lez
1591 2033 1706 2068 sovme

291 2115 492 2144 remanente
510 2110 546 2144 in
565 2110 773 2157 Edinburgh
791 2123 854 2158 per
872 2111 964 2145 idem
992 2116 1130 2158 tempus
1149 2127 1160 2144 ι
1180 2110 1338 2158 capiente
1370 2111 1407 2145 in
1435 2111 1489 2145 die
1520 2111 1556 2145 in
1586 2112 1706 2146 auenis

292 2194 325 2222 et
343 2188 424 2222 feno
442 2188 464 2234 ij
483 2191 498 2222 ἔ
517 2201 528 2222 l
546 2200 682 2223 summa
700 2189 735 2235 iij
754 2190 779 2223 fi
809 2201 817 2224 ι
848 2188 893 2224 Et
922 2188 1025 2236 super
1055 2187 1191 2224 duobus
1221 2188 1318 2234 equis
1337 2188 1515 2236 Willielmj
1537 2189 1709 2236 Symmer-

291 2266 369 2300 well
389 2266 431 2301 de
450 2266 613 2302 mandato
633 2266 782 2313 Dominj
803 2267 914 2313 Regis
933 2265 1148 2313 capientibus
1166 2266 1202 2301 in
1221 2266 1276 2301 die
1295 2266 1331 2301 in
1350 2267 1469 2302 auenis
1488 2272 1521 2302 et
1533 2266 1613 2302 feno
1627 2267 1650 2314 ij
1666 2271 1680 2300 ἓ
1696 2282 1706 2298 l
