1861 2703
352 677 505 708 VINUM
540 677 749 709 EMPTUM
774 679 836 709 ET
861 680 1030 711 DATUM
1055 681 1117 711 DE
1150 681 1279 712 ANNO
1310 682 1486 713 DOMINI
1524 683 1576 712 &c.

350 769 757 800 XXN1H⁰JJACOBO
792 771 997 802 COLUILE
1032 772 1094 802 DE
1124 772 1367 803 VCHILTRE
1407 773 1578 803 COMPO-

350 859 521 891 TORUM
543 860 869 892 ROTULATORE.

161 1120 281 1150 ITEM
308 1119 357 1149 IN
382 1120 547 1150 PRIMIS
581 1127 592 1148 l
621 1114 740 1162 Empt'
754 1127 816 1162 per
834 1114 1083 1150 Rotulakorem
1104 1128 1115 1149 s
1135 1115 1271 1150 decimo
1290 1128 1386 1150 nono
1403 1116 1551 1163 Augustj
1569 1130 1577 1149 s

206 1193 249 1227 de
266 1192 472 1227 Alexandro
491 1192 629 1228 Froster
648 1194 682 1227 ix
701 1193 816 1240 lagine
835 1193 904 1241 vinj
926 1193 1045 1242 claretj
1066 1192 1160 1229 misse
1179 1195 1216 1228 in
1234 1194 1266 1229 le
1287 1194 1515 1229 Roubbouris
1534 1195 1578 1229 ad

206 1271 411 1306 venationes
431 1284 442 1305 s
461 1271 607 1318 pricium
627 1272 747 1319 Ρίηξὶεε
765 1272 812 1318 xij
832 1272 857 1307 d
1124 1298 1132 1307 .
1388 1273 1423 1321 iij
1443 1273 1467 1308 ii
1485 1273 1531 1320 xij
1552 1278 1578 1308 ἔ.

159 1349 250 1383 Item
271 1350 377 1396 empt’
395 1350 488 1397 apud
508 1349 615 1384 Perth
635 1362 646 1384 l
666 1350 762 1397 xxiiij
784 1349 932 1397 Augustj
956 1350 995 1397 tj
1016 1349 1134 1397 lagina
1160 1351 1196 1397 iij
1228 1355 1350 1397 quarte
1368 1349 1546 1398 maluesetj
1569 1365 1579 1385 s

205 1427 353 1474 pricium
551 1453 559 1461 .
808 1456 815 1463 .
1062 1453 1070 1462 .
1286 1455 1293 1463 .
1460 1429 1531 1476 xxij
1552 1434 1576 1464 ἕ.

160 1503 249 1539 Item
270 1505 376 1552 empt’
393 1518 456 1552 per
474 1505 626 1539 eundem
657 1505 700 1540 de
728 1505 894 1541 Johanne
922 1505 1058 1540 Perrok
1078 1518 1089 1540 l
1108 1519 1179 1541 xxv
1199 1506 1347 1554 Augustj
1371 1519 1382 1541 s
1402 1507 1448 1554 iiij
1468 1520 1579 1554 poun-

205 1582 315 1618 fiones
332 1584 406 1630 vinj
426 1583 544 1631 claretj
564 1583 678 1618 locate
696 1584 733 1618 in
747 1583 956 1618 monasterio
970 1583 1099 1618 &miste
1113 1584 1238 1619 Crucis
1253 1597 1264 1618 s
1277 1585 1427 1632 pricium
1470 1585 1528 1631 xxj
1542 1585 1577 1619 fi.

158 1663 249 1697 Item
268 1660 369 1696 solut’
389 1674 453 1708 pro
472 1661 670 1696 veehitione
689 1661 773 1708 dffi‘cj
794 1661 865 1708 vinj
893 1674 934 1696 ac
965 1661 1117 1708 cariagio
1145 1662 1182 1696 in
1212 1662 1372 1697 curribus
1402 1663 1444 1697 de
1472 1662 1578 1698 Leith

204 1739 321 1774 versus
339 1739 490 1786 burgum
511 1752 522 1774 l
542 1744 576 1774 et
595 1739 722 1774 deinde
740 1738 858 1774 versus
878 1739 1134 1775 Monasterium
1238 1767 1246 1775 .
1353 1740 1410 1788 viij
1431 1745 1446 1776 ἒ
1464 1742 1522 1788 viij
1541 1742 1575 1776 d.

158 1818 250 1852 Item
281 1819 387 1865 empt'
422 1817 465 1852 de
500 1817 688 1852 Nicholaio
721 1817 939 1853 Carneeorse
970 1819 990 1865 ij
1023 1818 1232 1866 pounfiones
1259 1819 1331 1866 vinj
1362 1819 1481 1866 claretj
1513 1819 1577 1867 iiij0

206 1896 418 1943 Septembris
437 1909 448 1930 l
466 1895 615 1943 pricium
935 1922 944 1931 .
1232 1923 1241 1931 .
1487 1897 1522 1931 ix
1538 1897 1575 1931 fi.

156 1975 245 2009 Item
265 1973 367 2008 solut’
384 1973 601 2021 pinatoribus
618 1986 683 2020 pro
702 1973 856 2020 cariagio
885 1973 970 2021 di&j
990 1974 1062 2022 vinj
1093 1975 1136 2010 de
1166 1975 1278 2022 burgo
1297 1975 1414 2010 versus
1433 1974 1575 2010 Monas-

203 2053 330 2087 terium
348 2053 386 2086 in
403 2052 558 2086 humeris
576 2051 643 2086 suis
901 2078 909 2086 .
1205 2079 1212 2087 .
1505 2053 1526 2100 ij
1547 2059 1572 2088 ἔ.

156 2132 248 2166 Item
268 2131 374 2178 empt’
392 2130 435 2165 de
455 2131 608 2177 Symone
628 2129 722 2164 Wod
751 2130 799 2176 iiij
832 2128 1043 2178 pounfiones
1068 2130 1140 2177 vinj
1169 2130 1288 2178 claretj
1324 2144 1335 2165 s
1364 2131 1397 2178 vj
1419 2130 1574 2178 Septem-

203 2210 272 2244 bris
293 2223 303 2244 s
322 2209 435 2244 locate
453 2209 488 2243 in
508 2208 603 2243 (Ιίἂο
623 2207 840 2243 Monasterio
860 2221 872 2243 s
891 2208 1039 2256 pricium
1236 2235 1244 2243 .
1401 2222 1447 2244 xv
1464 2210 1490 2245 ii
1508 2223 1530 2243 x
1548 2214 1573 2244 ἔ.

155 2290 245 2325 Item
265 2288 366 2323 solut’
384 2300 448 2335 pro
467 2287 617 2335 cariagio
637 2286 790 2322 eiusdem
809 2286 881 2334 vinj
902 2287 945 2322 de
964 2286 1068 2322 Leith
1088 2286 1206 2322 versus
1227 2286 1479 2323 Monasterium
1506 2287 1527 2334 ij
1548 2293 1573 2323 ἔ.

827 2368 891 2400 ΩΑ
