1861 2703
59 344 122 362 iTER
142 344 328 364 JUSTICIARIE.

127 1196 288 1224 Hailingtoun.

125 1508 219 1531 Melsos.

345 234 411 265 159
828 229 984 265 LIBER
1013 230 1293 266 DOMICILII
1660 236 1762 271 1599.

393 333 476 362 DIE
502 331 701 361 VENERIS
722 326 828 360 xxviii
848 326 949 361 Mati.
1003 333 1252 370 BANETRIA.
1282 327 1340 361 De
1358 327 1558 375 preintratis
1579 344 1589 361 ι
1604 329 1766 375 expen’jc

348 403 503 450 lxxxxiiij
519 416 626 451 panes
646 416 657 437 Ι
679 403 770 438 Item
790 405 914 451 expen’
932 405 969 438 in
986 405 1127 451 pastillis
1145 406 1194 452 liij
1213 405 1329 451 lagine
1342 406 1363 453 ij
1379 411 1501 451 quarte
1519 419 1529 440 s
1546 406 1689 440 Summa
1709 419 1765 440 ex-

347 483 529 530 pensarum
550 482 584 528 ij‘
602 481 695 528 xxvij
709 494 815 528 panes
830 496 840 516 Ι
855 488 889 516 et
906 480 949 517 fic
967 482 1095 517 restant
1113 483 1181 530 νᾶα)
1200 483 1247 530 iijc
1265 485 1299 530 xj
1319 496 1436 530 panes·
1476 490 1764 520 BUTELARIA.

350 562 485 608 Expen’
504 560 550 607 liij
571 560 686 606 lagine
704 561 727 607 ij
747 566 870 606 quarte
889 560 1030 596 ceruifie
1058 574 1068 595 l
1099 561 1190 615 Item
1209 562 1315 608 empt’
1332 574 1378 594 xx
1397 561 1518 596 barilia
1536 562 1619 609 birrj
1639 563 1697 609 xiij
1713 563 1737 597 ii
1754 579 1763 595 s

348 639 564 674 continentia
577 639 605 686 jc
622 639 684 673 lxx
702 639 834 685 laginas
852 639 935 686 birrj
957 652 968 673 t
989 644 1023 674 et
1041 638 1083 673 fic
1102 639 1230 673 restant
1260 640 1296 673 in
1327 644 1402 674 toto
1425 640 1476 686 j(o
1504 640 1539 686 ijss
1556 640 1592 674 lv
1610 640 1724 686 lagine
1743 641 1764 686 ij

348 723 470 765 quarte
489 717 629 752 ceruilie
648 722 683 752 et
708 717 805 764 birrj.
858 723 1077 760 COQUINA.
1120 716 1237 764 Empt’
1264 716 1311 764 xij
1341 717 1501 751 mulones
1526 723 1685 752 recentes
1705 731 1715 752 s
1734 724 1767 751 vc

349 797 384 831 lx
403 796 468 843 albj
488 796 594 843 pisces
614 809 624 829 l
645 796 704 842 iiij‘
722 795 906 842 speldingis
923 809 933 829 Ι
946 795 991 843 xij
1013 800 1106 830 trute
1127 809 1138 830 l
1158 795 1215 842 viij
1236 795 1316 842 lucij
1337 795 1586 842 tij‘merlingis
1602 809 1612 830 l
1627 795 1665 829 lx
1683 795 1769 842 pod-

350 874 415 908 lois
434 888 444 908 Ι
464 874 500 908 lx
513 874 619 921 pisces
637 873 722 920 aridj
744 886 755 908 s
773 873 796 921 ij
810 874 942 919 rigadia
961 887 972 908 s
991 874 1028 908 in
1040 873 1193 908 fundolis
1213 887 1224 908 s
1244 874 1319 908 ouis
1339 888 1349 908 s
1364 879 1397 908 et
1414 873 1481 908 sale
1502 887 1513 908 s
1532 874 1617 921 varij
1633 874 1737 921 precij
1757 888 1767 908 s

353 953 495 986 Summa
690 965 701 986 l
723 957 757 986 et
775 953 899 999 expen’
928 965 938 985 l
967 952 1058 986 Item
1079 953 1202 999 expen'
1220 952 1268 999 iijc
1285 952 1395 987 alleca
1413 951 1495 986 salsa
1513 952 1695 987 orientalia
1715 966 1725 985 s
1745 952 1765 998 ij

348 1035 447 1076 petre
465 1029 568 1076 butirj
603 1043 613 1063 s
646 1035 679 1063 et
710 1029 751 1063 fic
779 1030 906 1064 restant
924 1030 1016 1076 apud
1035 1029 1241 1076 Edinburgh
1257 1030 1307 1076 j(o
1319 1030 1348 1077 jc
1366 1031 1425 1064 xix
1454 1030 1564 1064 alleca
1591 1029 1672 1064 salsa
1692 1043 1702 1063 s
1723 1043 1768 1063 xv

349 1113 446 1154 petre
464 1107 498 1154 iij
518 1107 604 1141 libre
624 1107 727 1153 butirj
758 1121 769 1141 s
799 1107 890 1141 Item
909 1109 1033 1154 expen'
1051 1108 1084 1154 xj
1106 1108 1266 1142 mulones
1286 1121 1296 1141 l
1317 1114 1351 1142 et
1369 1107 1411 1142 fic
1430 1107 1557 1142 restant
1756 1121 1766 1140 s

350 1186 439 1220 Item
461 1186 566 1232 empt’
592 1185 628 1218 in
659 1185 916 1231 Hadingtoune
934 1185 1005 1232 xiiij
1025 1190 1124 1232 petre
1142 1185 1247 1232 butirj
1268 1199 1289 1219 v
1306 1186 1331 1219 ii
1349 1185 1396 1232 xij
1417 1189 1432 1219 ἔ
1460 1198 1470 1218 t
1504 1189 1537 1219 et
1567 1185 1690 1231 expen’
1710 1184 1766 1230 viij

348 1263 434 1298 libre
452 1263 556 1310 butirj
578 1277 590 1297 s
609 1268 643 1297 et
662 1261 704 1297 fic
723 1263 851 1298 restant
868 1263 927 1310 xiij
947 1268 1046 1310 petre
1064 1263 1122 1310 viij
1142 1263 1229 1297 libre
1246 1263 1366 1310 butirj.

804 1341 946 1376 Summa
963 1341 1059 1388 xxiiij
1079 1341 1103 1376 ii
1122 1341 1167 1388 xij
1188 1346 1203 1376 ἔ
1220 1354 1241 1376 v
1264 1341 1298 1376 d.

398 1505 480 1534 DIE
506 1504 683 1534 MARTIS
703 1498 762 1533 viii
783 1498 893 1534 Junii.
946 1505 1198 1535 PANETRIA.
1238 1498 1296 1532 De
1325 1487 1527 1545 pre'intratis
1560 1510 1568 1532 ι
1603 1498 1767 1544 expen’js

350 1577 407 1622 viij
427 1589 533 1623 panes
554 1590 564 1610 s
584 1574 678 1611 etsie
697 1576 824 1611 restant
851 1576 933 1623 iiijffl
954 1577 984 1623 jc
1013 1589 1111 1612 xxxv
1138 1589 1256 1623 paneS.
1313 1582 1594 1613 BUTELARIA.
1634 1576 1770 1622 Expen’

350 1655 443 1702 xxxij
464 1655 579 1701 lagine
598 1654 738 1689 ceruifie
757 1668 768 1688 s
789 1659 823 1689 et
840 1653 883 1689 fic
900 1654 1027 1689 restant
1045 1655 1138 1701 apud
1157 1654 1365 1701 Edinburgh
1389 1654 1438 1701 jo)
1466 1654 1536 1700 xxij
1564 1653 1679 1700 lagine
1698 1666 1770 1687 cer-

350 1732 431 1768 uifie
450 1738 483 1767 et
501 1733 597 1779 birrj.
651 1739 864 1776 COQUINA.
894 1733 952 1767 De
971 1733 1171 1780 preintratis
1191 1733 1230 1780 lj
1252 1738 1363 1767 merta
1380 1732 1462 1767 salsa
1486 1746 1497 1767 s
1525 1732 1616 1767 Item
1636 1731 1770 1766 liberat’

350 1812 528 1846 Fratribus
556 1812 598 1846 de
624 1811 858 1858 Hadingtoun
888 1812 909 1859 ij
943 1817 1054 1846 merte
1082 1811 1162 1846 salse
1193 1812 1214 1858 ij
1245 1816 1367 1858 quarte
1398 1810 1478 1846 salse
1506 1824 1517 1845 s
1544 1816 1579 1845 et
1597 1809 1640 1844 fic
1659 1823 1770 1855 eque!

351 1970 423 2015 cepj
445 1982 456 2002 s
475 1968 507 2014 vj
527 1971 542 2001 ἔ
560 1968 591 2014 vj
611 1967 635 2002 d
667 1981 677 2001 s
710 1972 744 2002 et
775 1968 898 2015 expen’
927 1981 938 2001 s
967 1967 1058 2002 Item
1085 1969 1209 2015 expen’
1227 1968 1248 2015 ij
1269 1973 1432 2002 mutones
1456 1969 1470 2015 j
1498 1972 1621 2014 quarta
1640 1979 1650 2000 t
1670 1971 1703 2000 et
1730 1965 1772 1999 fic

352 2059 438 2092 eque
467 2060 477 2079 l
507 2046 596 2080 Item
617 2047 722 2093 empt’
740 2046 773 2093 xj
794 2058 943 2093 capones
962 2046 1001 2093 sj
1023 2059 1109 2093 capo
1127 2046 1240 2093 pastus
1265 2060 1276 2081 s
1299 2060 1323 2081 Χ
1346 2047 1556 2093 gallinarum
1583 2044 1669 2092 pullj
1698 2057 1708 2077 s
1737 2044 1772 2076 in

352 2124 469 2158 butiro
490 2138 500 2157 l
520 2130 554 2158 et
572 2125 647 2158 ouis
669 2138 679 2158 t
699 2124 782 2171 varij
803 2125 907 2171 precij
940 2137 948 2159 l
978 2124 1122 2159 Summa
1138 2125 1245 2172 xxxiij
1267 2130 1282 2160 ἔ
1310 2139 1320 2159 Ι
1352 2130 1386 2160 et
1412 2125 1535 2172 expen’
1564 2137 1575 2158 l
1603 2123 1693 2158 Item
1714 2134 1770 2156 ex-

355 2201 435 2247 pen‘
454 2201 485 2247 iij
506 2206 603 2247 petre
622 2214 644 2236 v
662 2201 748 2236 libre
767 2201 871 2247 butirj
895 2214 906 2235 t
927 2207 960 2236 et
978 2201 1021 2236 fic
1040 2214 1137 2247 eque.

833 2280 975 2314 Summa
992 2280 1026 2327 iij
1045 2280 1071 2315 ii
1090 2280 1149 2326 xiij
1168 2284 1183 2314 Ξ
1201 2281 1233 2326 vj
1253 2279 1287 2313 d.
