1861 2703
191 252 294 284 1528.
677 247 834 283 REGIS
860 247 1049 284 JACOBI
1079 249 1124 284 V.
1538 255 1602 288 131

184 345 301 380 celdre
319 343 351 391 vj
372 343 464 378 bolle
485 343 581 390 ordej
603 343 645 378 de
663 332 832 379 firmis-de
851 344 921 379 Fiff
937 359 948 379 l
969 345 1011 380 de
1030 346 1154 392 quibus
1179 353 1423 394 prouenerunt
1442 348 1477 382 in
1496 350 1606 383 cerui-

184 422 227 456 fia
244 422 305 469 iiijc
324 421 438 468 lagine
458 419 599 455 ceruifie
628 434 639 455 s
668 422 811 456 Summa
829 422 932 457 huius
962 423 1126 458 introitus
1151 424 1211 472 vijc
1240 425 1276 459 xl
1302 425 1418 472 lagine
1436 425 1576 461 ceruifie
1593 440 1603 460 t

181 504 215 534 et
232 497 276 533 fic
294 498 421 534 restant
449 499 484 532 in
512 504 589 533 toto
620 499 679 546 vijc
710 499 783 533 lxix
814 499 930 545 lagine
962 501 996 548 iij
1030 507 1152 547 quarte
1183 501 1336 536 ceruifie.
1388 510 1602 546 COQUINA.

182 654 248 701 albj
268 653 375 702 pisces
392 654 415 702 lj
435 659 450 689 ἔ
469 667 480 688 l
500 654 595 701 xxiiij
613 654 792 701 merlingis
811 655 856 702 iiij
877 660 892 689 ἔ
911 668 922 689 s
935 655 950 702 j
971 668 1057 690 rone
1077 656 1116 703 tj
1138 656 1233 703 leing
1248 670 1259 691 s
1278 659 1311 705 vj
1331 661 1346 692 ἔ
1365 671 1376 691 l
1396 657 1417 705 ij
1437 658 1604 693 turbones

179 734 236 779 xvj
252 737 267 767 ἔ
280 745 290 766 s
305 731 400 778 xlviij
418 732 587 778 codlingis
601 731 656 779 xvj
673 737 688 767 ἔ
703 745 714 766 s
730 732 751 779 ij
771 732 996 778 congureillis
1011 733 1069 780 viij
1085 737 1100 767 ἔ
1113 734 1170 781 viij
1183 734 1207 768 d
1222 734 1257 781 tj
1274 734 1392 781 pellok
1408 735 1455 782 liij
1471 741 1486 771 ἔ
1501 736 1545 783 iiij
1559 737 1601 772 ds

180 809 286 856 lxxxij
307 808 425 856 polupj
447 822 493 844 xx
514 814 530 844 ἔ
548 808 579 856 vj
599 809 623 844 d
655 822 666 843 s
699 809 797 856 xlviij
826 814 920 843 trute
951 822 1076 855 magne
1095 823 1141 844 xx
1160 815 1200 845 ἔ]
1219 817 1270 845 vxx
1289 811 1334 858 iiij
1355 812 1499 858 perches
1518 826 1539 848 x
1560 819 1575 849 ἔ
1588 827 1599 847 t

180 887 213 934 iij
233 887 403 922 salmones
421 892 579 921 recentes
597 899 668 921 xxv
687 892 702 922 ἓ
721 900 732 921 l
752 887 810 934 viij
831 887 963 933 rigadia
977 887 1022 934 vij
1038 893 1053 922 ἔ
1070 887 1116 934 iiij
1132 888 1156 923 d
1175 900 1187 922 l
1206 888 1252 935 xij
1273 888 1354 936 lucij
1373 889 1444 936 xiiij
1464 894 1479 924 ἔ
1498 904 1509 924 s
1529 891 1599 937 viijc

180 965 289 1000 bukes
307 979 329 999 x
348 970 363 1000 ἔ
379 965 437 1012 viij
453 966 476 1001 d
495 982 505 998 l
526 964 608 1012 iiijm
626 964 674 1011 iijc
693 964 794 999 ostria
811 964 956 999 testacea
975 970 1009 999 et
1027 970 1147 1012 aperta
1159 966 1266 1013 xxviij
1282 970 1297 1000 ἔ
1315 967 1371 1014 viij
1387 967 1410 1002 d
1429 968 1468 1015 sj
1485 968 1601 1015 lagina

179 1056 365 1078 concarum
382 1043 416 1090 iij
430 1049 445 1079 ἔ
462 1043 509 1090 iiij
530 1043 554 1078 d
573 1056 584 1077 s
604 1042 651 1089 iijc
669 1055 753 1089 cepe
772 1045 804 1090 vj
824 1047 839 1077 ἔ
859 1056 870 1077 s
890 1043 926 1077 in
944 1043 1097 1078 fundolis
1116 1057 1128 1078 s
1146 1045 1258 1091 groffa
1275 1045 1387 1080 farina
1405 1059 1416 1080 l
1436 1046 1501 1081 sale
1518 1061 1529 1081 l
1548 1061 1602 1082 Ol·-

180 1123 245 1157 deo
259 1136 270 1157 l
286 1128 321 1157 et
335 1123 486 1169 cariagio
502 1135 512 1156 s
528 1124 586 1169 xxj
603 1127 617 1157 ἔ
635 1121 682 1168 iiij
698 1122 723 1157 d
742 1134 752 1155 s
773 1127 807 1156 et
828 1123 952 1169 expen’
972 1135 983 1156 s
1004 1122 1095 1157 Item
1115 1123 1158 1157 de
1176 1124 1377 1170 preintratis
1397 1138 1408 1159 s
1428 1127 1551 1172 expen’
1570 1130 1602 1173 vj

180 1207 278 1247 petre
303 1200 407 1248 butirj
430 1214 441 1235 s
462 1200 508 1247 iiij
529 1206 627 1247 petre
647 1214 669 1234 x
687 1200 774 1234 libre
793 1199 866 1248 cafij
891 1213 898 1235 ι
920 1206 952 1235 vc
971 1213 1039 1234 oua
1059 1214 1069 1235 s
1089 1201 1160 1248 viijc
1177 1201 1189 1235 1
1206 1214 1311 1248 poma
1330 1208 1364 1237 et
1385 1203 1460 1250 pira
1480 1217 1491 1237 s
1510 1209 1545 1239 et
1561 1203 1604 1239 fic

179 1371 247 1392 oua
268 1371 278 1392 s
298 1358 368 1405 iij‘O
382 1357 442 1392 lxx
459 1370 564 1404 poma
578 1363 613 1391 et
630 1357 706 1404 pira
725 1374 735 1390 ι
759 1356 850 1391 Item
863 1358 968 1403 empt'
982 1357 1037 1391 vm
1052 1355 1237 1404 speldingis
1257 1371 1268 1392 l
1286 1359 1436 1405 pricium
1453 1373 1476 1393 x
1489 1360 1514 1395 fi
1534 1373 1545 1394 l
1562 1361 1603 1395 de

178 1436 302 1483 quibus
320 1437 444 1484 expen'
462 1442 513 1471 vxx
532 1449 555 1470 x
573 1436 759 1483 speldingis
779 1448 790 1469 l
811 1441 845 1470 et
863 1435 906 1470 fic
924 1434 1051 1469 restant
1068 1435 1151 1482 iiij‘0
1169 1436 1216 1469 ixc
1234 1449 1256 1470 x
1274 1435 1460 1484 speldingis
1480 1451 1490 1471 Ι
1513 1438 1603 1473 Item

179 1516 220 1549 (le
239 1514 440 1562 preintratis
460 1515 584 1562 expen’
602 1514 695 1560 xxvij
717 1513 877 1548 mulones
895 1513 981 1560 aridj
1003 1526 1014 1547 s
1034 1518 1069 1548 et
1087 1513 1129 1548 fic
1148 1513 1286 1548 restant.

696 1591 839 1626 Summa
852 1591 879 1638 jc
897 1605 920 1626 x
937 1592 961 1626 ii
980 1591 1037 1638 xvj
1057 1592 1091 1627 d.

225 1757 308 1787 DIE
333 1756 535 1786 VENERIS
550 1763 619 1784 xxv
636 1748 857 1784 Decembris.
894 1755 1140 1785 PANETRIA.
1166 1748 1224 1783 De
1238 1749 1439 1796 preintratis
1452 1764 1463 1784 s
1477 1752 1600 1798 expen'

177 1831 212 1863 in
232 1829 407 1863 dominico
426 1828 545 1874 lxxviij
568 1840 673 1875 panes
702 1841 713 1861 l
743 1827 834 1862 Item
855 1828 897 1862 de
916 1828 1067 1862 secundo
1085 1827 1146 1874 iiijc
1165 1827 1186 1874 ij
1206 1840 1312 1874 panes
1333 1841 1343 1861 t
1364 1827 1455 1862 Item
1475 1831 1598 1876 expen’

177 1909 213 1941 in
231 1906 369 1953 pastillis
383 1908 409 1953 jc
428 1906 464 1939 lx
483 1918 590 1952 panes
618 1919 628 1939 Ι
659 1905 803 1939 Summa
822 1905 1051 1952 expensarum
1069 1908 1116 1952 vj‘
1134 1919 1182 1939 xx
1200 1918 1307 1952 panes
1326 1918 1337 1939 l
1357 1912 1391 1940 et
1408 1905 1452 1941 fic
1471 1907 1596 1943 restant

178 1985 234 2019 x‘0
254 1985 300 2032 iij‘
317 1984 400 2030 xlvij
422 1997 539 2031 paneS.
592 1989 906 2020 BUTELLARIA.
938 1983 1115 2030 Expeu’jc
1132 1983 1154 2030 ij
1175 1983 1291 2030 lagine
1310 1983 1451 2019 ceruifie
1471 2002 1481 2018 ι
1503 1985 1594 2021 Item

177 2075 242 2109 pro
260 2061 427 2108 gelaturis
444 2060 480 2094 xl
498 2061 614 2107 lagine
645 2059 786 2095 ceruifie
813 2066 847 2095 et
875 2060 1019 2095 liberate
1038 2061 1129 2095 cocis
1148 2061 1378 2107 coquinarum
1407 2075 1418 2096 s
1452 2062 1595 2099 Summa

179 2138 406 2186 expensarum
420 2137 447 2183 j⁰
466 2137 525 2184 xlij
546 2137 661 2184 lagine
683 2137 823 2172 ceruifie
844 2151 855 2172 s
875 2144 909 2173 et
924 2136 966 2171 fic
980 2137 1107 2172 restant
1121 2140 1168 2185 vjc
1182 2138 1275 2185 xxvij
1292 2138 1406 2185 lagine
1420 2139 1454 2187 iij
1470 2147 1592 2186 quarte

178 2214 330 2252 ceruilie.
385 2221 600 2258 COQUINA.
642 2215 700 2250 De
728 2215 928 2262 preintratis
947 2216 1071 2262 expen’
1089 2215 1121 2262 vj
1143 2220 1253 2250 merte
1272 2216 1292 2263 ij
1313 2223 1435 2263 quarte
1464 2234 1474 2251 s
1504 2218 1595 2253 Item

178 2295 302 2342 expen’
321 2294 357 2328 in
375 2293 528 2328 liberatis
554 2293 598 2328 ad
626 2298 725 2328 extra
750 2292 763 2340 j
795 2298 906 2328 merta
935 2292 970 2339 iij
1002 2297 1125 2339 quarte
1154 2306 1165 2327 s
1195 2292 1339 2328 Summa
1368 2294 1426 2341 viij
1457 2298 1594 2344 mertej

1629 1767 1740 1786 PESTUM

1627 1807 1750 1825 NATALls

1626 1846 1740 1865 DOMINI.
