1861 2703
282 250 303 280 8
820 249 1101 285 APPENDIX.
1568 260 1672 292 1525.

316 343 384 372 Dm
402 342 497 372 Lum:
513 342 578 372 xxii
593 342 739 374 Januarii.
787 343 889 386 Empt’
905 356 969 375 xxx
985 352 1112 377 mutoun
1127 347 1236 378 boukis
1251 349 1332 389 price
1346 349 1396 392 viij
1409 350 1431 380 li
1447 361 1467 380 x
1484 354 1506 388 ἓ,
1524 352 1543 392 ij
1560 352 1686 394 lepores.

319 408 385 437 Dm
402 408 534 437 MAR‘rrs
550 408 625 438 xxiij
639 408 785 439 Januarii.
833 410 934 451 Empt’
949 422 991 451 ιιι]
1008 411 1080 451 galli
1097 412 1186 453 nigri,
1199 413 1224 453 jt
1239 414 1328 455 xxiiij
1347 415 1465 446 alaude.

319 539 387 568 Dm
402 539 498 567 Joms
515 550 577 569 xxv
593 539 738 569 Januarii.
786 539 888 580 Empt’
903 541 944 580 iiij
961 548 1076 578 anates,
1094 553 1113 571 v
1128 543 1230 583 snipis.

318 604 385 633 Dm
403 604 549 633 VENERIS
567 605 640 634 xxvi
655 605 800 635 Januarii.
848 605 949 646 Empt'
965 606 1040 636 lxxx
1057 607 1224 648 merlingis.

318 670 383 698 Dm
400 670 566 700 Dornmco
583 670 679 700 xxviii
694 671 839 701 Januarii.
887 671 988 712 Empt'
1004 672 1033 712 iij
1052 671 1168 701 ciconii.

318 735 383 764 Dm
399 735 497 765 anz
513 736 588 765 xxix
604 736 749 766 Januarii.
799 736 899 776 Empt'
916 737 946 776 iij
963 736 1076 777 galline
1093 737 1267 768 domestice.

316 801 382 830 Dm
401 801 529 831 Mxnm
541 813 605 831 xxx
615 801 760 832 Januarii.
809 801 910 842 Empt'
923 802 952 842 iij
967 802 1102 843 hogehis,
1120 803 1139 843 ij
1153 802 1263 840 finatis,
1276 804 1289 844 j
1301 805 1426 845 sparrib,
1440 806 1489 846 viij
1502 810 1514 835 ἐ
1528 817 1536 841 ;
1552 807 1571 847 ij
1585 807 1687 847 lingue

275 867 387 902 bouini,
405 867 435 908 iij
454 868 528 897 libre
543 868 618 908 cepi,
636 868 654 907 ij
672 871 694 898 Ξ.

318 933 383 962 Dm
402 933 569 962 MERCURII
587 933 663 963 xxxi
678 933 823 963 Januarii.
872 933 973 974 Empt’
990 933 1040 975 viij
1059 933 1155 964 ccldre
1172 934 1314 965 frumenti
1328 936 1490 976 Anglicani
1500 937 1580 978 apud
1593 937 1684 974 Leth,

275 1003 305 1027 et
322 997 445 1028 liberate
462 999 621 1028 Willielmo
637 998 825 1029 Williinsoun
843 999 956 1039 pistori,
975 999 1131 1040 dequibus
1146 1007 1350 1040 prouenerunt
1366 1001 1396 1030 in
1413 1001 1540 1042 panibus
1556 1013 1624 1033 cum
1641 1003 1686 1033 lez

274 1062 386 1093 cheritc
410 1063 457 1093 xm
480 1061 520 1103 vjc
535 1064 610 1093 lxxx
627 1075 718 1104 panes
742 1064 779 1094 de
805 1064 936 1093 secundo
961 1070 991 1094 et
1017 1065 1176 1102 dominico,
1194 1066 1274 1106 price
1294 1066 1373 1097 bolle
1388 1068 1449 1108 xvij
1467 1071 1489 1097 ἓ.
1538 1068 1639 1110 Empt’
1656 1070 1684 1108 vj

274 1128 377 1158 barilia
393 1129 520 1158 allecum
536 1130 612 1159 asise
633 1130 670 1160 de
694 1129 775 1160 Leth
791 1130 975 1160 continentia
991 1128 1037 1159 vm
1052 1127 1085 1170 ijc
1101 1130 1195 1160 alleca
1211 1131 1299 1162 salsa.
1347 1132 1449 1173 Empt’
1476 1133 1518 1173 iiij
1546 1145 1683 1170 crunans,

269 1195 294 1234 jc
309 1194 453 1235 pectines.

573 1261 698 1291 Summa
714 1261 814 1291 totalis
830 1261 940 1291 mensis
955 1261 1091 1291 Januarii
1107 1267 1137 1291 vc
1152 1261 1249 1291 lxxxx
1265 1261 1287 1291 fi
1301 1262 1343 1303 iiij
1362 1266 1384 1291 ἐ.

1490 1334 1564 1358 Tenet
1586 1330 1662 1360 Abii.

316 1392 381 1421 Dm
398 1392 493 1422 Joms
510 1392 519 1422 i
539 1392 703 1422 Februarii.
754 1393 864 1430 l'iyilia
881 1393 1110 1432 chrvficatlonls
1126 1394 1220 1423 Beate
1237 1394 1339 1424 Marz'e
1354 1395 1495 1433 Viryinis.

315 1458 381 1487 Dm
399 1458 547 1488 VENERIS
563 1458 583 1487 ii
602 1458 766 1488 Februarii.
812 1459 992 1498 Parq'ficatio
1008 1460 1103 1488 Beate
1119 1459 1230 1489 Blaria

59 1532 195 1564 {Daulketh
208 1531 231 1560 ?]
316 1524 382 1554 Dm
404 1524 528 1553 SABOT1
546 1524 576 1553 iii
596 1523 760 1553 Februarii.
808 1523 949 1553 Liberatc
968 1523 1118 1564 Magistro
1136 1523 1291 1554 Domicilii
1307 1525 1457 1564 egrotanti
1484 1530 1551 1566 post
1576 1525 1685 1555 Domi-

274 1601 346 1620 num
366 1590 484 1630 Regem
500 1600 519 1618 x
536 1589 637 1630 lagine
653 1589 786 1625 ceruisic,
816 1594 845 1618 et
869 1588 911 1618 sic
935 1595 1047 1618 restant
1070 1589 1146 1618 lxxv
1162 1589 1262 1629 lagine
1284 1590 1296 1629 j
1323 1596 1430 1629 quarta
1454 1590 1578 1620 ceruisie
1605 1591 1684 1630 apud

282 1654 473 1695 Edinburgh.
522 1654 623 1694 Empt’
642 1654 672 1683 lx
689 1654 789 1694 lagine
806 1653 929 1683 ceruisie
945 1653 1024 1693 price
1039 1653 1070 1694 in
1087 1654 1120 1690 ii,
1145 1654 1181 1683 (le
1203 1654 1313 1695 quibus
1328 1655 1435 1695 expen'
1458 1654 1488 1684 in
1512 1665 1585 1684 cena
1610 1656 1683 1684 xxix

274 1721 397 1761 laginej
415 1725 521 1760 quarta
536 1720 670 1749 ceruisie.
718 1719 818 1759 Empt’
830 1715 855 1759 jc
871 1719 902 1748 lx
919 1718 1052 1759 pectines
1068 1719 1191 1749 marine.

316 1786 381 1815 Dm
398 1786 563 1814 Domxlco
589 1784 618 1814 iv
648 1784 814 1814 Februarii.
862 1783 941 1813 Item
968 1784 1093 1814 liberate
1119 1784 1270 1824 Magistro
1299 1785 1454 1814 Domicilii
1479 1786 1628 1826 egrotanti
1652 1786 1683 1815 in

280 1850 459 1892 Edinburgli
476 1857 543 1891 post
560 1850 727 1879 Dominum
747 1850 864 1890 Regem
880 1849 910 1889 iij
928 1854 1033 1889 quarte
1049 1854 1142 1879 inerte
1158 1849 1243 1879 salse.

318 1918 383 1946 Dm
403 1917 554 1946 VENERIS
571 1916 601 1945 ix
623 1915 788 1946 Februarii.
835 1915 884 1944 De
900 1915 973 1944 lxxv
989 1913 1120 1954 laginisj
1138 1920 1245 1955 quarta
1261 1914 1384 1944 ceruisie
1409 1915 1590 1945 restantibus
1604 1916 1684 1956 apud

62 1987 212 2016 ildinburgh-
279 1982 458 2023 Edinburgh
475 1982 565 2012 tercio
585 1981 737 2011 Februarii
753 1981 859 2021 expen’
886 1980 917 2009 in
941 1991 1014 2010 cena
1029 1991 1092 2009 xxx
1108 1980 1208 2020 lagine
1227 1981 1239 2021 j
1268 1986 1375 2021 quarta
1400 1980 1534 2011 ccruisie.
1578 1981 1682 2022 Empt'

276 2049 349 2088 xlvij
368 2049 468 2089 lagine
484 2048 503 2087 ij
521 2054 626 2088 quarte
642 2046 764 2076 ceruisie
781 2046 852 2086 xvin
870 2050 881 2074 ἑ
899 2046 926 2086 vj
943 2048 972 2081 d,
990 2050 1019 2075 et
1035 2045 1141 2086 expen’
1158 2045 1188 2074 in
1204 2045 1329 2086 prandio
1344 2045 1424 2086 apud
1442 2045 1609 2076 Daulketh.

319 2114 386 2143 Dm
414 2114 582 2142 Dommco
604 2123 624 2141 x
650 2111 813 2142 Februarii.
872 2111 973 2151 Empt’
1005 2122 1057 2151 per
1092 2110 1298 2151 Mergaretam
1330 2110 1526 2140 Johnnesoun
1549 2110 1682 2140 relictam

278 2246 406 2274 ‘Summa
421 2243 473 2281 xlij
490 2244 511 2272 fi
526 2254 545 2272 x
563 2246 584 2279 Ξ,
602 2243 638 2272 de
655 2242 763 2282 quibus
778 2247 981 2282 prouenerunt
1003 2241 1033 2271 in
1057 2241 1182 2271 ceruisia
1198 2246 1226 2269 vc
1242 2241 1273 2270 xl
1289 2241 1389 2282 lagine
1407 2242 1541 2272 ceruisie.
1568 2241 1682 2271 Intrata

277 2312 319 2351 iij
335 2321 397 2339 xxv
413 2309 505 2340 alleca
520 2309 597 2339 salsa
611 2308 686 2338 asise
701 2307 737 2338 dc
757 2307 902 2348 Glasgow
916 2318 970 2348 per
989 2307 1192 2337 senescallum
1211 2306 1315 2347 Regis,
