1861 2703
152 305 256 336 1525.
648 297 804 332 REGIS
830 295 1018 331 JACOBI
1047 295 1091 328 V.
1545 298 1567 333 7

151 399 185 432 ix
204 408 352 443 capones
384 408 394 428 s
424 394 446 441 ij
466 399 564 441 petre
584 393 668 428 casei
689 407 699 427 s
719 394 755 427 in
774 392 882 426 ordeo
904 405 914 425 s
934 392 1078 438 cenapio
1099 405 1108 424 s
1129 397 1162 425 et
1182 391 1273 438 cepis
1294 404 1304 424 s
1325 390 1408 436 vurij
1430 389 1534 436 precij
1551 403 1561 422 s

151 475 292 508 Summa
309 472 342 519 iij
362 472 387 506 ii
406 484 427 506 x
447 476 461 506 ἕ
479 471 523 518 vij
543 471 567 506 d
595 485 605 504 s
634 477 668 505 et
687 471 822 516 expen’.

597 548 740 582 Summa
757 548 816 594 xiij
836 548 861 582 fi
880 548 940 582 xix
960 552 975 581 ἔ
993 548 1036 593 vij
1057 548 1091 582 d.

196 713 279 743 DIE
297 711 534 743 MERCURII
554 704 641 739 xxiii
661 704 821 750 Augusti.
858 709 1108 740 PANETRIA.
1130 703 1187 737 De
1202 703 1402 750 preintratis
1417 716 1427 736 s
1441 703 1564 748 expen’

149 786 185 819 iu
204 785 379 819 dominico
408 784 439 830 vj
460 795 566 830 panes
588 796 598 815 Ι
619 782 661 816 de
689 781 881 827 secundoj
900 781 995 827 xlviij
1015 794 1121 828 panes
1150 795 1159 814 s
1190 781 1280 815 Item
1299 782 1423 828 expen'
1442 781 1477 814 in
1496 779 1567 826 pas-

150 863 232 896 tillis
250 875 297 896 xv
314 874 420 908 panes
447 874 457 894 t
487 860 630 895 Summa
657 858 886 905 expensarum
911 859 940 905 jC
958 859 1031 893 lxix
1051 871 1157 905 panes
1186 872 1197 892 s
1225 864 1259 892 et
1288 857 1331 892 fic
1362 857 1489 892 restant
1508 858 1564 904 ij‘n

151 940 223 986 viij‘
253 945 303 973 vxx
334 939 393 984 xiij
425 950 542 984 panes.
596 942 909 973 BUTELLARIA.
947 935 1005 970 De
1032 934 1173 970 ceruifia
1200 936 1392 982 preintrata
1412 949 1423 969 s
1443 936 1566 981 expen'

150 1018 211 1052 xlv
225 1017 340 1063 lagine
355 1014 494 1050 ceruifie
515 1028 525 1048 s
546 1020 580 1049 et
593 1013 635 1048 fic
648 1013 775 1048 restant
786 1020 819 1048 vc
833 1014 1006 1060 lxxxxviij
1024 1014 1139 1059 lagine
1154 1012 1304 1047 eeruifie.
1350 1020 1566 1056 COQUINA.

152 1093 296 1141 Empt’j
311 1093 406 1127 mulo
427 1106 437 1126 l
458 1092 517 1138 iiijc
531 1091 640 1126 alleca
659 1105 669 1125 t
689 1098 722 1125 vc
740 1091 808 1125 albi
827 1090 934 1138 pisces
951 1105 961 1125 s
981 1091 1027 1138 iiij
1048 1097 1143 1125 trute
1161 1104 1287 1137 magne
1304 1105 1314 1125 s
1334 1092 1368 1138 ijc
1386 1092 1543 1138 1›e6ti11es
1557 1106 1567 1125 l

151 1249 295 1296 perches
324 1262 334 1282 s
362 1249 398 1281 in
415 1248 517 1281 trutis
535 1247 746 1281 torrentium
775 1260 786 1280 l
813 1246 967 1280 fundoliS
988 1260 998 1280 t
1017 1246 1126 1281 bukes
1147 1260 1157 1280 s
1176 1245 1321 1293 spouttis
1341 1260 1352 1280 s
1370 1247 1543 1292 grenbans
1558 1262 1568 1281 l

152 1326 313 1374 podlokis
328 1340 338 1359 l
354 1325 550 1372 peetinibus
569 1337 657 1370 aque
676 1325 786 1358 dulcis
802 1338 812 1357 l
829 1337 980 1358 crunans
996 1338 1007 1358 l
1023 1325 1155 1359 cancris
1170 1337 1180 1358 Ι
1194 1323 1273 1358 solis
1290 1338 1300 1358 s
1314 1324 1390 1358 ouis
1406 1338 1416 1357 l
1433 1324 1568 1359 butiroz

152 1403 219 1438 lale
233 1417 244 1438 s
257 1403 400 1450 cenapio
417 1416 427 1437 l
442 1408 475 1438 et
494 1403 586 1449 cepis
602 1416 612 1436 l
629 1402 713 1448 varij
734 1402 839 1448 precij
863 1415 873 1435 f
894 1401 1037 1437 Summa
1054 1402 1100 1448 iiij
1114 1403 1139 1436 fi
1157 1402 1214 1448 xiij
1229 1406 1244 1436 ἕ
1262 1402 1293 1448 vj
1315 1402 1339 1436 d
1354 1416 1364 1436 s
1381 1407 1415 1436 et
1434 1405 1568 1449 expen’.

621 1480 763 1514 Summa
780 1479 826 1526 iiij
846 1480 871 1513 fi
890 1479 948 1526 xiij
968 1485 983 1514 ἔ
999 1479 1032 1526 vj
1052 1480 1086 1514 d.

202 1645 284 1674 DIE
308 1643 440 1674 JOUIS
460 1636 557 1671 xxiiii
578 1635 739 1682 Augusti.
792 1641 1039 1672 PANETRIA.
1067 1634 1125 1669 De
1142 1635 1343 1682 preintratis
1363 1649 1373 1669 f
1393 1637 1517 1683 expen'
1535 1637 1571 1670 in

155 1716 329 1750 dominico
348 1715 405 1762 viij
425 1727 532 1762 panes
552 1728 562 1748 t
583 1714 625 1748 de
644 1714 794 1748 secundo
807 1714 836 1760 jc
854 1713 1017 1760 lxxxxiiij
1036 1725 1143 1760 panes
1163 1727 1173 1747 s
1194 1713 1286 1748 Item
1305 1715 1428 1760 expen’
1447 1715 1482 1747 in
1501 1714 1573 1761 pas-

153 1794 236 1828 tillis
254 1794 351 1841 xxiiij
370 1805 477 1840 panes
497 1806 508 1826 Ι
529 1792 671 1827 Summa
685 1792 913 1839 expensarum
932 1791 966 1838 ijc
984 1791 1016 1838 vj
1037 1803 1143 1838 panes
1163 1805 1174 1824 s
1193 1796 1228 1825 et
1245 1789 1288 1825 fic
1306 1791 1433 1825 restant
1451 1791 1508 1838 ijso
1526 1792 1572 1838 vj‘

154 1878 204 1907 v¹¹
222 1873 266 1919 vij
283 1884 400 1919 panes.
453 1876 764 1908 BUTELLARIA.
792 1869 851 1904 De
865 1867 1007 1904 ceruifia
1021 1882 1032 1903 l
1048 1869 1172 1915 expen’
1188 1868 1247 1902 xlv
1258 1868 1373 1914 lagine
1391 1869 1412 1914 ij
1429 1875 1570 1914 quarte!

157 1956 190 1984 et
208 1949 250 1984 fic
268 1949 394 1984 restant
412 1956 445 1984 vc
459 1950 494 1996 lij
515 1949 630 1995 lagine
649 1949 670 1995 ij
691 1953 814 1994 quarte
830 1945 982 1981 ceruifie.
1035 1952 1251 1989 COQUINA.
1279 1945 1337 1980 De
1352 1946 1570 1992 preintratiss

156 2105 190 2151 iij
209 2105 234 2139 fi
253 2117 274 2139 v
292 2110 306 2139 ἓ
323 2104 369 2151 iiij
389 2105 413 2139 d
432 2117 443 2138 l
462 2109 496 2138 et
515 2104 638 2150 expen'
658 2116 669 2136 l
699 2102 789 2137 Item
809 2103 914 2149 empt'
935 2102 954 2149 ij
975 2102 1130 2148 carcagia
1148 2107 1340 2136 mertarum
1358 2101 1549 2136 herbalium
1561 2116 1571 2136 l

157 2183 250 2229 price
268 2182 302 2228 iij
321 2182 347 2216 fi
375 2195 386 2215 l
414 2181 457 2215 de
475 2181 598 2227 quibus
617 2180 767 2228 expen'j
789 2185 900 2214 merta
926 2180 946 2227 ij
967 2185 1089 2226 quarte
1109 2193 1120 2213 l
1140 2184 1174 2214 et
1191 2178 1235 2214 fic
1265 2178 1392 2214 restant
1409 2180 1430 2226 ij
1450 2186 1573 2226 quarte

157 2264 267 2294 merte
287 2273 298 2293 l
319 2259 410 2294 Item
428 2260 532 2305 empt’
545 2259 559 2306 j
579 2258 755 2306 porcellus
769 2271 780 2292 l
795 2257 817 2305 ij
837 2270 922 2293 auce
936 2257 1063 2292 solares
1078 2271 1089 2291 l
1104 2257 1175 2304 lxvj
1196 2257 1312 2304 pultre
1328 2270 1339 2291 s
1354 2258 1390 2291 ix
1404 2270 1572 2304 caponesz

158 2337 202 2385 xij
223 2337 376 2373 cuniculi
395 2350 406 2371 l
425 2336 446 2384 ij
461 2336 623 2385 leporarij
646 2349 656 2371 l
676 2337 711 2372 ix
726 2335 887 2384 pluuiarij
910 2348 921 2370 s
936 2336 958 2383 ij
974 2335 1086 2383 capita
1098 2336 1246 2371 arietum
1268 2348 1278 2369 l
1295 2335 1331 2370 lx
1348 2348 1415 2370 oua
1435 2349 1446 2369 l
1466 2336 1500 2370 in
1520 2349 1574 2370 or-
