1861 2703
201 291 305 323 1525.
688 284 844 321 REGIS
870 283 1060 320 JACOBI
1087 284 1134 319 V.
1574 290 1621 320 35

201 383 246 390 ...ο

199 460 242 496 fic
259 460 396 495 restant.

658 539 801 574 Summa
818 539 899 585 xviij
919 539 944 573 fi
963 538 983 585 ij
1004 543 1019 574 ἔ
1035 538 1092 585 viij
1113 539 1147 573 d.

246 701 328 732 DIE
353 701 593 732 MERCURII
614 695 737 730 vltimo
769 695 961 730 Februarii.
1015 702 1261 732 PANETRIA.
1300 696 1357 730 De
1387 697 1587 743 preintratis
1603 711 1614 731 s

198 775 322 821 expen'
340 775 376 808 in
394 774 571 809 dominico
590 779 624 808 et
650 773 801 808 secundo
819 774 879 821 xiij
898 786 1006 821 panes
1026 787 1036 808 l
1056 775 1099 809 de
1127 775 1278 809 secundo
1305 776 1430 822 expen'
1442 777 1471 822 jc
1488 776 1615 811 lxxxix

196 864 302 899 panes
330 866 341 886 l
371 851 461 887 Item
480 852 734 887 distribuuntur
750 851 961 899 pauperibus
980 857 1014 886 et
1032 852 1174 887 diuerfis
1191 851 1347 899 personis
1365 853 1401 886 in
1420 853 1613 900 elemo3ina

199 930 307 977 Regis
319 930 348 977 jc
365 943 472 978 panes
502 931 630 978 mucidj
660 944 672 965 t
701 930 792 965 Item
824 932 948 977 expen'
977 931 1013 964 in
1044 930 1183 977 pastillis
1214 936 1249 965 et
1275 931 1377 978 adipe
1407 932 1443 966 xl
1473 945 1581 979 panes
1601 946 1611 966 Ι

198 1009 342 1043 Summa
359 1010 586 1056 expensarum
604 1009 652 1056 iijc
670 1009 742 1055 xxij
762 1021 869 1056 panes
898 1026 909 1042 l
942 1014 976 1043 et
993 1008 1037 1044 fic
1059 1008 1187 1043 restant
1205 1009 1286 1057 vij‘o
1305 1010 1377 1057 viijc
1393 1011 1477 1058 xxiij
1497 1023 1614 1058 panes.

198 1094 515 1124 BUTELLARIA.
543 1087 602 1122 De
620 1086 762 1122 ceruifia
781 1101 793 1122 l
813 1089 937 1135 expen’
956 1088 991 1123 lv
1008 1087 1124 1135 lagine
1143 1088 1164 1135 ij
1185 1094 1308 1134 quarte
1327 1088 1468 1123 ceruifie
1489 1103 1499 1123 s
1520 1095 1554 1124 et
1572 1089 1615 1124 fic

196 1165 323 1201 restant
341 1166 389 1213 iijc
406 1166 481 1200 lxix
498 1166 613 1212 lagine
644 1166 679 1213 iij
710 1171 832 1213 quarte
852 1165 1005 1201 ceruifie.
1058 1174 1272 1210 COQUINA.
1311 1167 1368 1202 De
1386 1168 1588 1214 preintratis
1604 1182 1615 1202 s

197 1564 230 1592 vc
248 1558 357 1592 alleca
375 1558 530 1592 recentia
549 1571 560 1592 t
579 1557 615 1592 lx
633 1558 701 1606 albj
729 1558 835 1606 pisces
855 1575 865 1592 ι
887 1560 918 1605 vj
939 1559 1119 1605 merlingis
1138 1572 1149 1593 s
1167 1559 1189 1606 ij
1210 1560 1304 1593 ronis
1333 1573 1344 1594 l
1366 1561 1380 1606 j
1401 1560 1505 1594 turbo
1523 1574 1617 1608 mag-

197 1648 263 1670 nus
283 1650 293 1669 Ι
313 1636 396 1683 xviij
416 1635 622 1683 bronoscopj
645 1650 655 1670 Ι
676 1637 712 1671 in
730 1636 883 1671 fundolis
905 1651 915 1671 t
935 1636 1109 1683 grenbans
1141 1650 1152 1671 l
1181 1637 1216 1684 iij
1236 1637 1318 1685 lucij
1342 1638 1392 1685 'j‘
1410 1638 1520 1673 bukes
1540 1653 1551 1673 l
1570 1641 1618 1687 iijc

197 1713 298 1749 ostria
317 1728 328 1748 l
348 1715 369 1762 ij
390 1715 559 1750 salmones
576 1720 734 1750 recentes
754 1728 766 1750 s
785 1715 806 1762 ij
826 1716 997 1763 particule
1023 1715 1143 1763 pellok
1163 1729 1174 1749 Ι
1192 1716 1229 1750 in
1259 1716 1368 1750 ordeo
1399 1730 1410 1750 s
1439 1717 1553 1751 herbis
1585 1724 1619 1752 et

199 1792 351 1827 oleribus
369 1806 432 1840 per
450 1798 564 1827 totum
585 1792 736 1828 mensem
759 1808 769 1827 l
789 1794 873 1840 varij
904 1793 1010 1841 precij
1041 1808 1051 1828 t
1081 1794 1223 1829 Summa
1241 1807 1261 1829 v
1278 1795 1303 1828 ii
1321 1794 1392 1841 xiiij
1413 1801 1427 1830 ἔ
1444 1796 1492 1843 iiij
1511 1796 1535 1831 d
1555 1811 1564 1830 s
1585 1804 1617 1830 et

199 1872 322 1917 expen’
351 1885 361 1904 l
391 1871 482 1906 Item
503 1871 545 1906 de
563 1872 765 1919 preintratis
784 1874 908 1919 expen'
926 1886 975 1908 xx
992 1872 1101 1919 girlfis
1121 1887 1132 1907 l
1152 1878 1186 1907 et
1203 1871 1246 1907 fic
1263 1873 1402 1907 restant.

676 1950 820 1985 Summa
838 1964 858 1984 v
876 1951 901 1985 ii
925 1951 994 1997 xiiij
1016 1955 1030 1985 ἕ
1048 1951 1094 1997 iiij
1113 1951 1148 1986 d.

403 2027 546 2061 Summa
563 2027 680 2061 totalis
698 2027 820 2062 mensis
839 2028 1017 2075 Februarij
1039 2029 1099 2075 iiijc
1117 2029 1164 2076 xij
1182 2030 1207 2064 fi
1226 2029 1270 2076 vij
1291 2034 1306 2064 ἔ
1324 2029 1357 2076 xj
1377 2030 1411 2064 d.

1389 2119 1462 2142 Tenet
1476 2109 1561 2144 Abd

250 2266 331 2296 DIE
356 2267 488 2297 JOUIS
507 2261 621 2308 primo
642 2261 782 2297 Mercii.
837 2269 1088 2301 PANETRIA.
1118 2264 1176 2300 De
1193 2266 1394 2313 preintratis
1414 2283 1424 2299 l
1445 2268 1568 2313 expen'
1587 2268 1621 2301 in

199 2339 375 2374 dominico
395 2345 429 2374 et
447 2338 598 2375 secundo
612 2341 640 2387 jc
657 2346 708 2376 vxx
727 2353 834 2388 panes
854 2355 865 2376 l
885 2348 919 2377 et
936 2341 979 2377 fic
993 2342 1121 2378 restant
1135 2343 1211 2390 vij(D
1223 2346 1269 2391 ij
1285 2344 1356 2391 xliij
1373 2357 1479 2391 panes
1499 2359 1509 2379 s
1531 2345 1621 2380 Item
