1861 2703
159 296 262 328 1533.
648 291 805 326 REGIS
835 290 1024 327 JACOBI
1053 291 1098 326 V.
1504 296 1576 326 <233

164 390 302 437 Expen'
320 389 355 423 lv
373 389 516 436 laginej
537 394 661 434 quarta
686 388 828 424 ceruifie
848 401 859 423 t
878 395 913 423 et
931 388 973 423 fic
991 388 1118 424 restant
1137 394 1170 422 ve
1188 389 1268 436 xxvj
1289 389 1404 435 lagine
1423 388 1575 424 ceruifio.

157 474 371 511 COQUINA.
424 467 542 515 Empt’
562 467 583 515 ij
603 467 764 503 mulones
782 467 819 502 lx
837 467 904 515 albj
924 467 1031 515 pisces
1063 481 1074 502 l
1105 468 1152 515 iiij
1172 467 1341 503 salmones
1374 482 1384 503 t
1416 468 1452 516 ijc
1481 469 1570 516 sper-

153 547 257 594 lingis
276 560 287 581 l
307 547 342 581 in
361 559 466 594 prans
485 559 496 580 t
516 546 679 593 anguillis
699 559 710 581 l
729 546 884 581 fundolis
905 559 916 580 s
935 546 1054 581 butiro
1081 560 1092 581 t
1125 552 1159 581 ot
1185 546 1281 581 caseo
1302 561 1312 581 t
1332 547 1417 594 varij
1437 549 1543 595 precij
1562 561 1572 581 s

155 626 299 659 Summa
324 625 431 659 xxxix
450 629 464 659 ἓ
483 624 514 671 xj
534 624 559 659 d
578 637 588 658 t
609 629 643 658 et
664 625 790 672 expen'
817 638 828 659 l
859 624 948 659 Item
979 626 1104 672 expen'
1123 626 1192 672 xvij
1213 625 1373 661 mulones
1392 640 1403 660 l
1423 626 1458 673 ijc
1485 627 1571 674 spel-

151 704 267 751 dingis
287 717 298 737 l
319 703 353 750 ijc
371 703 484 739 lxxxx
503 703 613 738 alleca
643 703 725 738 salsa
755 717 766 738 t
795 703 885 738 Item
918 704 1130 751 pauperibus
1160 705 1196 738 in
1225 717 1312 739 cena
1340 704 1485 751 Dominj
1507 705 1566 751 xxj

153 781 314 816 mulones
335 795 345 815 t
366 781 401 827 ijc
431 781 528 828 xxiiij
561 782 670 817 alleca
700 781 783 816 salsa
815 796 825 816 l
856 788 890 817 et
922 782 963 817 fic
996 782 1123 817 restant
1151 783 1198 817 ix⁰
1226 783 1347 829 lxxxxj
1379 784 1567 830 mulonesj

154 866 275 906 quarta
295 874 306 894 s
326 860 382 894 x(O
400 860 570 908 lxxxxi-iij
604 860 790 908 speldingis
823 875 833 894 s
862 861 933 908 xj<O
963 874 1009 895 xv
1037 861 1147 896 alleca
1174 861 1257 895 saliit
1285 874 1296 895 l
1325 861 1417 896 Item
1448 864 1572 909 expen'

150 938 182 984 xj
202 937 338 985 girlsisj
359 944 483 984 quarta
512 952 523 973 s
552 939 643 974 Item
675 939 888 986 pauperibus
919 939 991 985 xxij
1019 938 1129 986 girlfis
1148 953 1160 974 l
1181 939 1202 986 ij
1223 939 1393 974 fizlmones
1410 938 1485 985 salsj
1508 954 1518 974 s
1538 946 1571 974 et

151 1015 191 1050 fic
211 1016 348 1051 restant.

654 1097 798 1131 Summa
815 1097 923 1131 xxxix
942 1101 957 1130 ἔ
975 1097 1007 1143 vj
1027 1097 1060 1131 d.

201 1258 282 1287 DIE
308 1258 544 1288 DOMINI'CO
570 1252 630 1285 xiii
660 1252 805 1299 Aprilis.
858 1258 1111 1289 PANETRIA.
1154 1253 1210 1287 De
1240 1254 1440 1300 preintratis
1470 1268 1481 1288 s
1514 1268 1571 1289 ex-

152 1331 231 1376 pen’
250 1330 284 1362 iu
305 1330 481 1364 dominico
500 1335 534 1364 et
552 1329 704 1365 secundo
723 1330 772 1377 iijc
790 1343 811 1364 v
830 1343 937 1377 panes
965 1344 975 1364 s
1004 1337 1038 1365 et
1068 1329 1111 1365 fic
1139 1331 1266 1366 restant
1298 1332 1355 1379 ijss’
1384 1333 1432 1366 ix‘
1462 1333 1569 1380 xxxiii

149 1421 266 1454 panes.
320 1414 606 1444 BUTELARIA.
651 1408 787 1455 Expen’
806 1409 914 1442 lxxxv
932 1409 1049 1455 lagine
1067 1409 1101 1456 iij
1121 1415 1244 1456 quarte
1277 1424 1288 1444 l
1320 1416 1354 1445 et
1382 1410 1425 1445 fic
1443 1412 1569 1446 restant

150 1488 196 1532 iijC
228 1487 348 1533 lxxxvj
382 1487 496 1532 lagine
526 1487 546 1534 iJ'
578 1493 701 1533 quarte
733 1486 885 1522 ceruifie.
939 1493 1155 1529 COQUINA.
1197 1488 1315 1536 Empt'
1344 1489 1429 1523 lxxx
1458 1496 1571 1524 merto

152 1564 232 1599 liilse
251 1564 428 1600 Orcliadie
447 1577 525 1599 cum
545 1566 692 1601 totidem
712 1566 826 1613 porcis
846 1580 857 1600 s
876 1567 1024 1613 pricium
1045 1565 1129 1613 lxxij
1148 1567 1172 1601 ii
1202 1580 1212 1601 l
1244 1567 1288 1601 de
1314 1568 1439 1614 quibus
1457 1568 1569 1603 locato

147 1644 182 1677 in
199 1643 345 1690 Stirling
356 1643 392 1678 xl
404 1649 516 1678 merte
534 1656 614 1679 cum
632 1645 778 1680 totidem
799 1645 914 1692 porcis
932 1644 1214 1680 Orchadenfibus
1234 1659 1245 1680 s
1265 1651 1298 1681 et
1315 1646 1487 1681 refiduum
1504 1649 1568 1681 viz.

151 1723 185 1757 xl
204 1728 316 1757 merte
332 1722 389 1757 [xl
403 1722 497 1770 porcj
517 1723 728 1758 locanturin
751 1723 958 1770 Edinburgh
979 1737 990 1758 l
1011 1724 1054 1758 de
1073 1724 1198 1770 quibus
1216 1728 1343 1772 expen'
1363 1726 1397 1772 iij
1418 1733 1529 1761 merte
1547 1727 1566 1774 ᾗ

151 1807 273 1847 quarta
292 1800 533 1836 Orchadenses
561 1815 572 1835 l
600 1801 633 1848 iij
654 1801 750 1849 porcj
772 1802 805 1849 iij
825 1808 949 1848 quarte
971 1802 1042 1836 fillfi
1075 1816 1086 1836 s
1118 1808 1152 1837 et
1170 1802 1213 1838 fic
1232 1803 1360 1838 restant
1380 1805 1422 1839 de
1441 1804 1501 1839 isto
1520 1807 1569 1839 in-

148 1881 257 1915 troitu
276 1880 381 1927 xxxvj
401 1885 512 1915 mex-te
530 1881 589 1928 iij&
607 1886 731 1927 quarte
749 1886 860 1915 merte
886 1879 968 1915 salse
1001 1894 1012 1915 s
1043 1881 1149 1928 xxxvj
1169 1882 1265 1929 porcj
1294 1882 1308 1929 j
1329 1888 1453 1929 quarta
1470 1882 1540 1918 falfi
1557 1898 1567 1918 s

150 1960 240 1994 Item
255 1959 297 1993 de
310 1959 509 2006 preintratis
526 1961 559 2005 sj
577 1965 688 1994 merta
701 1958 784 1993 salsa
798 1959 927 1994 restans
941 1965 1131 1994 mertarum
1149 1965 1235 1995 xxv⁰
1249 1960 1429 2009 Februarij
1448 1976 1459 1996 l
1479 1968 1513 1997 et
1525 1963 1566 1998 fic

153 2038 279 2072 restant
291 2038 363 2085 xliij
377 2043 487 2073 merte
502 2038 551 2085 ij&
565 2044 687 2084 quarte
706 2043 817 2073 merte
837 2051 848 2072 l
872 2038 961 2072 Item
980 2038 1110 2086 empt'j
1128 2040 1323 2086 carcagium
1346 2046 1456 2075 mette
1474 2042 1566 2088 pasto

148 2130 167 2150 v
181 2117 204 2150 ti
218 2117 274 2163 xiij
288 2120 304 2151 ἓ
318 2117 366 2163 iiij
381 2117 406 2151 d
424 2129 437 2150 l
458 2115 548 2151 Item
570 2116 696 2150 intrate
716 2129 759 2150 ex
774 2115 867 2150 dono
880 2116 1029 2151 Abbatis
1042 2116 1160 2152 Insule
1173 2117 1302 2153 Sanete
1311 2117 1564 2155 Columbarum

148 2196 169 2239 ij
190 2200 301 2229 merto
320 2194 411 2241 paste
430 2207 508 2229 cum
541 2193 663 2241 corrijs
691 2207 701 2228 l
731 2193 777 2228 Et
796 2206 840 2228 ex
859 2193 953 2228 dono
974 2193 1121 2229 Abbatis
1140 2195 1183 2230 de
1204 2194 1435 2244 Lundourisj
1456 2204 1566 2232 merta

149 2273 239 2319 pasta
257 2286 334 2307 cum
356 2272 477 2319 σοι-τῇς
496 2285 559 2319 pro
579 2277 678 2319 prato
701 2271 809 2318 Regis
837 2285 848 2306 s
878 2272 920 2307 de
939 2272 1064 2319 quibus
1081 2274 1206 2321 expen’
1231 2275 1245 2320 j
1278 2280 1390 2309 merta
1407 2282 1425 2321 ὲ
1444 2283 1565 2322 quartu

151 2357 259 2385 morte
291 2351 381 2398 pallo
415 2364 426 2385 Ι
456 2357 489 2385 et
521 2350 562 2385 fic
591 2349 719 2385 restant
751 2351 772 2397 ij
805 2358 916 2386 merte
935 2351 1026 2399 paste
1044 2352 1100 2399 iij&
1120 2359 1242 2399 quarte
1272 2366 1282 2387 Ι
1312 2353 1401 2388 Item
1422 2356 1527 2401 empt’
1548 2369 1565 2388 v

823 2433 886 2464 QG

1601 1268 1684 1286 FESTU
1691 1269 1710 1286 M

1601 1308 1714 1326 PASCHE.
