1861 2703
144 281 247 313 1525.
623 273 780 308 REGIS
806 272 995 309 JACOBI
1022 274 1068 308 V.
1509 278 1553 308 ⁶21

142 373 268 420 expen'
295 384 306 406 l
334 371 426 406 Item
446 370 564 404 intrat’
595 382 638 404 ex
668 370 762 404 dono
792 369 942 404 Comitis
961 370 1003 405 de
1023 369 1143 416 Ergile
1169 371 1183 417 j
1214 369 1324 404 rabuk
1344 383 1356 405 l
1375 370 1396 417 ij
1416 369 1557 405 furchez

142 450 234 497 ceruj
255 449 368 495 magnj
390 461 402 482 l
423 448 514 482 Item
543 448 661 482 intrat’
678 460 741 495 per
760 447 936 482 Comitem
956 446 1112 494 Augufie
1130 448 1162 495 vj
1183 448 1333 495 cuniculj
1355 461 1366 483 l
1384 447 1405 495 ij
1426 448 1530 482 ardee
1546 462 1557 481 l

142 541 163 561 v
182 532 301 561 anetes
327 525 531 573 campestres
549 539 562 560 l
581 539 602 560 v
621 525 699 561 telis
727 539 738 560 1
767 525 858 560 Item
877 525 994 559 intrat'
1012 538 1074 572 per
1093 525 1290 560 Dominum
1311 525 1559 560 Rotulatorem

137 606 151 651 j
172 610 296 651 quarta.
313 604 385 651 aprj
408 617 420 638 Ι
434 604 448 651 j
468 604 590 650 cignus
612 615 619 638 Ι
636 603 649 650 j
670 616 760 650 pago
789 617 799 637 s
830 603 920 638 Item
939 603 1057 637 intrat’
1075 616 1137 650 per
1156 603 1352 638 Dominum
1372 603 1415 637 de
1439 602 1559 637 Burlie

139 684 153 730 j
174 683 296 729 cignus
316 695 327 716 l
347 688 381 717 et
400 683 525 729 expen’
543 680 737 717 succeffiue.

580 760 722 794 Summa
735 759 762 806 jc
781 758 851 806 xiiij
871 759 896 793 ii
914 758 996 805 xviij
1016 762 1032 794 's‘
1050 758 1069 805 ij
1090 758 1124 793 d.

193 924 275 954 DIE
300 923 499 954 VENERIS
514 916 636 962 quinto
651 915 821 951 Januarii.
866 920 1117 950 PANETRIA.
1154 913 1278 947 Intrat’
1292 925 1354 960 per
1367 912 1562 948 Walterum

145 997 242 1031 Scott
259 995 280 1042 ij
309 995 425 1030 celdre
443 993 607 1040 frumentj
636 993 735 1028 firme
755 993 798 1027 de
817 992 846 1027 F
847 992 887 1026 iff
901 1005 912 1026 s
932 992 975 1026 de
1005 991 1129 1037 quibus
1154 996 1397 1038 prouenerunt
1416 991 1452 1025 in
1470 992 1566 1038 pani-

144 1075 206 1109 bus
226 1087 236 1107 s
257 1074 398 1120 dempta
423 1072 577 1107 multura
595 1084 607 1106 l
627 1071 684 1118 ijco
710 1077 744 1106 vc
761 1076 812 1105 vxx
838 1083 946 1118 panes
976 1070 1019 1105 de
1049 1069 1200 1104 secundo
1231 1074 1266 1104 et
1294 1069 1469 1103 dominico
1489 1082 1500 1103 l
1521 1069 1563 1103 de

144 1151 269 1199 quibus
287 1151 414 1199 expen'
444 1151 480 1184 in
512 1150 688 1185 dominico
707 1149 828 1196 xxxvij
848 1162 955 1196 panes
983 1162 994 1182 s
1023 1148 1115 1183 Item
1144 1148 1186 1182 de
1215 1146 1367 1182 secundo
1387 1148 1511 1194 expen'
1528 1147 1563 1194 ijc

145 1230 191 1277 lvj
214 1242 319 1277 panes
348 1243 356 1265 l
386 1229 530 1264 Summa
547 1227 775 1276 expensarum
795 1227 830 1274 ijc
848 1227 998 1274 lxxxxiij
1018 1239 1125 1274 panes
1145 1240 1156 1260 s
1176 1231 1210 1261 et
1227 1224 1271 1260 fic
1289 1225 1415 1260 restant
1432 1225 1468 1259 in
1487 1230 1562 1260 toto

146 1308 229 1354 iiij(n
247 1309 293 1342 ixc
311 1307 381 1354 xiiij
402 1319 519 1354 panes.
556 1312 871 1343 BUTELLARIA.
909 1305 966 1340 De
982 1304 1124 1340 ceruifia
1138 1318 1150 1339 l
1164 1305 1287 1351 expen'
1306 1303 1402 1350 lxxvj
1419 1303 1561 1350 laginej

146 1392 270 1432 quarta
288 1399 299 1420 s
319 1391 354 1420 et
368 1384 410 1419 fic
426 1384 554 1419 restant
571 1385 620 1431 iijc
638 1384 746 1430 lxxxij
764 1384 878 1430 lagine
897 1383 918 1430 ij
935 1388 1057 1429 quarte
1076 1381 1217 1417 ceruifie
1234 1394 1242 1417 1
1261 1381 1353 1416 Item
1371 1381 1489 1416 intrat'
1502 1394 1564 1428 per

151 1464 380 1499 Willielmum
389 1463 655 1510 Cwnynghame
667 1462 688 1509 ij
704 1462 819 1496 celdre
831 1461 888 1508 viij
903 1461 995 1496 bolle
1009 1460 1105 1507 ordej
1119 1461 1218 1494 firme
1231 1460 1274 1494 de
1286 1458 1356 1494 Fiff
1365 1472 1376 1494 l
1386 1459 1428 1494 de
1440 1459 1564 1505 quibus

146 1547 388 1590 prouenerunt
406 1542 442 1575 in
460 1539 601 1575 ceruifia
618 1540 666 1587 iijc
679 1540 794 1587 lagine
814 1538 954 1575 ceruifie
975 1552 985 1573 t
1008 1539 1099 1573 Item
1114 1539 1232 1573 intrat'
1245 1550 1308 1585 per
1322 1536 1563 1584 Mergaretam

146 1620 168 1656 J
171 1619 389 1654 ohnnestoun
407 1618 567 1653 relietam
585 1618 762 1664 quondam
783 1617 929 1652 Andree
951 1616 1200 1651 Hammiltoun
1217 1616 1238 1663 ij
1259 1616 1376 1650 celdre
1394 1615 1451 1662 viij
1471 1615 1564 1650 bolle

148 1699 243 1746 ordej
261 1698 411 1733 eiusdem
424 1697 524 1732 firme
538 1709 549 1731 t
563 1697 606 1731 de
620 1695 744 1743 quibus
759 1701 1002 1744 prouenerunt
1014 1696 1049 1730 in
1064 1693 1206 1730 ceruifia
1217 1694 1264 1742 iijc
1277 1694 1393 1741 lagine
1405 1692 1545 1729 ceruifie
1555 1707 1565 1727 t

148 1784 182 1811 et
197 1776 240 1812 lic
258 1776 384 1812 restant
402 1776 437 1810 in
456 1780 534 1810 toto
553 1775 599 1809 ixe
617 1775 729 1821 lxxxij
750 1774 866 1821 lagine
881 1774 901 1821 ij
916 1779 1039 1820 quarte
1051 1772 1203 1808 ceruifie.
1256 1779 1472 1816 COQUINA.
1507 1772 1565 1807 De

149 1855 348 1903 preintratis
364 1855 487 1902 expen'
505 1867 577 1888 xxx
595 1853 756 1888 mulones
774 1853 860 1900 aridJ'
884 1866 894 1886 l
915 1853 973 1899 xiij
990 1852 1124 1899 rigadia
1140 1852 1237 1886 arida
1255 1866 1267 1886 l
1286 1853 1334 1899 iijc
1353 1851 1437 1898 xxiij
1457 1851 1566 1898 speld-

149 1934 237 1979 ingis
259 1947 265 1968 ι
286 1934 308 1981 ij
328 1939 427 1980 petre
445 1933 480 1967 ix
498 1932 585 1966 libre
604 1931 709 1978 butirj
731 1944 742 1966 ι
763 1936 798 1965 et
815 1929 858 1965 fic
886 1930 1016 1965 restant
1029 1930 1056 1977 j
1074 1930 1182 1977 lxxiiij
1203 1930 1387 1965 mulounes
1408 1942 1419 1964 t
1438 1929 1486 1976 iijc
1504 1929 1563 1976 liiij

150 2011 283 2057 rigadia
301 2024 312 2044 l
331 2010 446 2057 xxiijffl
480 2010 538 2056 vijc
566 2011 623 2056 xvj
656 2008 842 2055 speldingis
863 2021 872 2043 l
892 2010 973 2055 xxvj
1000 2014 1099 2055 petre
1121 2009 1156 2043 ix
1186 2008 1274 2043 libre
1300 2008 1405 2056 butirj
1434 2020 1446 2042 l
1475 2007 1566 2042 Item

150 2090 255 2136 empt’
274 2091 331 2136 xvj
352 2088 512 2122 mulones
543 2093 701 2122 recentes
721 2103 732 2120 l
748 2086 792 2134 Jm
810 2086 919 2121 alleca
939 2099 951 2121 l
965 2086 1011 2133 J'm
1028 2087 1064 2120 lx
1091 2086 1158 2134 albj
1189 2087 1295 2134 pisces
1315 2101 1326 2122 l
1345 2088 1378 2135 vj
1398 2088 1567 2124 salmones

150 2173 307 2202 recentes
327 2183 337 2200 l
356 2172 389 2200 vc
408 2166 552 2213 perches
572 2165 612 2212 Jj
632 2165 737 2200 turbo
767 2182 777 2198 ι
804 2167 818 2212 J'
851 2165 947 2212 leing
981 2179 991 2199 s
1023 2166 1118 2213 xxiiij
1149 2166 1269 2214 polupj
1299 2180 1311 2200 l
1338 2166 1370 2214 vj
1399 2167 1479 2215 lucij
1501 2184 1511 2202 t
1532 2168 1566 2202 in

149 2246 301 2282 fundolis
337 2262 346 2279 ι
383 2246 418 2279 in
452 2245 555 2279 trutis
585 2244 796 2279 torrentium
825 2257 837 2278 l
863 2243 1038 2291 grenbans
1065 2262 1074 2278 l
1097 2244 1143 2292 j(D
1170 2245 1205 2292 ijc
1232 2244 1333 2280 ostria
1362 2245 1508 2282 testacea
1534 2253 1568 2281 et

151 2330 273 2372 operta
300 2341 309 2357 l
339 2324 387 2371 iijC
422 2323 530 2358 bukes
559 2340 568 2357 s
598 2336 617 2357 v
656 2323 790 2369 rigadia
816 2339 825 2356 t
854 2324 868 2369 j
901 2322 1000 2370 kiper
1028 2340 1037 2356 t
1066 2324 1102 2357 in
1133 2324 1249 2359 concis
1277 2338 1289 2358 l
1316 2324 1400 2372 varij
1428 2326 1533 2372 precij
1556 2340 1566 2359 s
