1861 2703
75 947 252 967 (¹1RCUMCISIO

74 988 175 1006 DOMINI
192 987 256 1005 NOS·

75 1027 130 1045 Tul.

150 2118 231 2142 1:333.

61 2200 132 2218 CENA
151 2198 261 2217 mmm,

65 2270 168 2299 Siirling.

291 212 362 244 2302
776 206 933 240 LIBER
961 205 1079 241 DOM
1088 206 1238 241 ICILII
1604 213 1707 245 1533.

293 307 349 352 viij
369 306 393 340 d
412 318 423 338 l
443 317 464 338 v
483 301 685 337 sssaildrakis
704 315 725 335 x
744 307 758 337 ἕ
778 315 788 335 s
808 302 853 348 vij
872 302 954 349 gallj
970 302 1060 349 nigrj
1073 315 1096 336 x
1109 308 1124 337 ἔ
1143 303 1173 349 vj
1190 303 1214 337 d
1233 303 1280 350 [jc
1299 302 1383 336 lxxx
1397 303 1521 338 alaude
1539 303 1644 351 xxxvj
1658 310 1673 340 ἕ
1701 318 1708 340 1

293 384 330 417 in
347 381 493 429 pedibus
513 394 524 415 t
545 379 696 427 mugatis
716 392 727 413 s
747 384 782 414 et
800 379 909 413 ordeo
930 392 941 413 l
959 392 982 413 x
999 384 1015 414 ἔ
1042 393 1053 413 Ι
1081 379 1173 414 Item
1193 381 1298 427 empt’
1328 381 1349 427 ij
1380 381 1526 415 hammis
1543 381 1589 429 xij
1612 386 1627 416 ἒ
1646 396 1657 417 s
1677 388 1712 417 et

293 463 415 507 expen’
434 457 618 494 suceeffiue
648 471 660 492 l
689 457 780 492 Item
808 458 914 504 empt'
943 457 1002 504 xxj
1033 456 1126 491 bolle
1156 458 1231 491 salis
1262 457 1329 505 albj
1349 459 1383 505 iij
1403 459 1428 494 Ῐί
1446 459 1515 506 xvij
1536 464 1551 494 ἔ
1579 473 1590 494 t
1621 460 1712 494 Item

294 538 413 572 intrati
447 537 521 571 lxix
556 548 706 583 capones
738 548 749 569 s
780 535 841 569 xlv
871 534 988 581 pultre
1025 547 1110 569 cane
1142 535 1184 569 de
1218 535 1288 570 Fiff
1324 549 1336 569 l
1375 536 1465 571 Item
1497 537 1625 572 intrate
1660 544 1710 572 v'‘¹

297 615 329 662 xj
349 615 465 662 pultre
484 626 569 649 cane
589 612 738 659 Dominj
759 612 802 646 de
822 611 983 658 Douglas
1002 625 1013 646 s
1033 617 1068 647 et
1095 614 1219 659 expen’
1247 612 1430 648 succeffiue
1449 613 1532 660 piste
1554 627 1561 649 1
1583 616 1683 650 οοὸὶθ
1701 629 1711 649 t

299 699 333 727 et
351 690 464 727 assate.

768 768 912 803 Summa
923 768 952 815 j
970 770 1076 815 xxxvj
1095 769 1120 803 ii
1138 768 1193 815 xvj
1214 769 1249 804 d.

353 934 434 965 DIE
460 931 698 963 MERCURII
730 924 849 959 Primo
879 924 1050 960 Jauuarii.
1102 930 1350 960 PANETRIA.
1402 926 1444 960 In
1476 927 1652 963 dominico
1683 935 1717 964 et

304 1006 455 1042 secundo
473 1004 522 1051 iij⁰
539 1006 618 1051 v'fflj
638 1015 744 1050 panes
772 1016 783 1037 l
812 1002 903 1037 Item
923 1004 1047 1049 expen'
1065 1003 1100 1036 in
1119 1002 1259 1049 pastillis
1271 1003 1300 1050 jc
1322 1006 1427 1051 xxxvj
1451 1018 1557 1051 panes
1585 1019 1596 1039 l
1625 1005 1716 1041 Item

304 1085 427 1132 expen'
445 1084 482 1117 in
500 1082 544 1116 lie
563 1081 715 1115 batterin
734 1085 768 1114 et
786 1080 937 1127 sryouris
955 1080 999 1114 ad
1017 1081 1182 1126 coquinas
1215 1080 1324 1127 Regis
1356 1087 1390 1115 et
1420 1082 1583 1130 domicilij
1604 1097 1665 1130 per
1682 1085 1718 1118 ix

303 1163 435 1198 menses
453 1160 584 1207 elapsos
604 1172 615 1193 s
634 1164 671 1193 vt
688 1163 784 1205 patet
797 1170 859 1205 per
872 1157 999 1205 stipites
1018 1158 1207 1192 earundem
1223 1158 1270 1204 iijc
1282 1158 1389 1206 xxviij
1403 1172 1509 1206 panes
1537 1173 1549 1194 l
1576 1160 1719 1196 Summa

304 1240 533 1288 expensarum
564 1237 638 1284 viijc
667 1236 728 1271 xlv
757 1248 866 1283 panes
895 1249 907 1270 s
939 1241 974 1270 et
1004 1235 1046 1270 fic
1077 1235 1204 1270 restant
1239 1235 1308 1282 xj‘s’
1342 1237 1388 1284 ij
1422 1243 1473 1272 vxx
1505 1237 1563 1285 xvj
1598 1251 1717 1285 panes.

305 1322 587 1355 BUTELARIA.
626 1315 762 1361 Expen’
782 1314 858 1361 vxxj
879 1314 1021 1361 laginej
1042 1320 1165 1360 quarta
1183 1313 1324 1348 ceruifie
1353 1328 1365 1349 l
1397 1320 1432 1349 et
1458 1314 1500 1350 fic
1529 1316 1655 1351 restant
1666 1317 1718 1364 jsO

298 1397 327 1443 jc
345 1398 426 1443 xxvj
446 1395 561 1441 lagine
580 1395 602 1441 ij
622 1398 745 1440 quarte
764 1391 915 1427 ceruifie.
969 1397 1183 1434 COQUINA.
1213 1391 1331 1439 Empt'
1348 1406 1395 1427 xx
1408 1406 1493 1428 auce
1509 1394 1692 1429 domestice
1708 1409 1719 1429 Ι

304 1488 374 1509 xxx
404 1472 702 1521 pulligallinarum
723 1484 734 1505 s
753 1471 799 1518 xij
819 1471 936 1518 pultre
956 1487 966 1504 ι
986 1470 1096 1517 xxxiij
1129 1483 1278 1517 capones
1307 1483 1320 1505 l
1350 1471 1396 1517 iiij
1427 1484 1575 1518 capones
1602 1473 1683 1520 pastj
1707 1486 1718 1506 s

303 1552 376 1599 xliij
397 1564 479 1586 aues
497 1550 647 1584 morales
667 1562 677 1583 s
697 1549 766 1596 xxij
785 1548 866 1595 gallj
887 1547 1054 1582 filuestres
1086 1561 1097 1582 s
1130 1548 1238 1595 xxxiij
1257 1548 1335 1582 telis
1364 1562 1376 1583 l
1407 1549 1539 1596 lxxxiiij
1567 1550 1691 1585 alaude
1709 1564 1720 1584 l

306 1630 401 1677 xxxij
429 1629 534 1676 snipis
553 1630 593 1675 Jj
612 1627 724 1674 gallus
751 1628 851 1673 niger
871 1640 882 1661 s
901 1640 947 1660 xx
967 1626 1116 1673 cuniculj
1140 1639 1151 1660 t
1171 1627 1206 1660 in
1225 1627 1374 1673 nmgatis
1393 1640 1405 1661 l
1424 1634 1458 1662 et
1476 1628 1583 1663 ordeo
1603 1642 1614 1663 l
1634 1630 1721 1676 varij

304 1708 409 1755 precij
440 1720 450 1742 s
479 1706 622 1741 Summa
640 1705 696 1752 xvj
716 1705 741 1739 ii
760 1704 780 1751 ij
801 1705 824 1740 d
843 1718 854 1738 l
875 1710 909 1739 et
935 1705 1059 1751 expen'
1077 1702 1258 1739 sueceffiue
1286 1718 1297 1739 s
1326 1705 1417 1739 Item
1444 1706 1487 1740 de
1517 1708 1721 1753 preintratis

306 1788 428 1833 expen'
446 1785 492 1832 iiij
513 1790 623 1818 merte
643 1796 653 1817 s
673 1796 744 1817 xxx
763 1788 926 1816 mutones
945 1782 967 1828 ij
986 1787 1109 1827 quarte
1128 1782 1281 1816 mutonis
1301 1796 1312 1816 1
1331 1789 1365 1817 et
1383 1782 1425 1817 fic
1445 1783 1572 1819 restant
1598 1786 1717 1832 xxxvij

309 1868 418 1898 mette
438 1862 494 1909 iijss
514 1865 637 1907 quarte
657 1865 768 1894 merte
788 1873 799 1893 l
819 1859 902 1906 xxiij
923 1865 1085 1893 mutones
1102 1859 1135 1906 iij
1156 1865 1278 1905 quarte
1297 1861 1461 1894 mutonis.

839 1937 983 1972 Summa
999 1937 1056 1984 xvj
1077 1937 1101 1972 ii
1120 1937 1141 1984 ij
1161 1937 1195 1972 d.

360 2104 441 2133 DIE
465 2102 596 2133 JOUIS
625 2109 647 2129 x
677 2096 820 2142 Aprilis.
874 2101 1119 2131 PANETRIA.
1163 2096 1297 2143 Expen’
1322 2096 1349 2143 j
1379 2096 1437 2144 lxij
1458 2110 1562 2143 panes
1591 2111 1601 2131 s
1630 2098 1718 2132 Item

312 2174 479 2209 distributi
514 2173 724 2220 pauperibus
755 2186 817 2220 per
845 2186 967 2207 manus
996 2173 1141 2219 Dominj
1175 2173 1283 2218 Regis
1313 2175 1370 2220 xxj
1407 2186 1512 2220 panes
1541 2188 1551 2209 s
1580 2176 1720 2209 Summa

306 2255 332 2301 j
350 2252 475 2298 lxxxiij
508 2264 613 2297 panes
645 2265 655 2285 Ι
688 2255 721 2286 et
749 2250 1023 2297 1'101·esta11tiij<0
1042 2258 1073 2286 vs
1096 2251 1237 2297 lxxxxvj
1270 2265 1387 2298 panes.
1442 2258 1718 2288 BUTELARIA.
