1861 2703
112 1424 242 1450 Sti-inolum-

117 2202 259 2229 Iixlnmurgb.

290 232 357 263 104
764 224 922 259 LIBER
950 222 1227 259 DOMICILII
1598 223 1702 257 15Q6.

286 326 382 366 ginta
401 330 434 358 et
452 334 521 357 vna
539 321 612 356 dies
633 334 640 356 l
662 321 882 368 capientibus
898 320 936 354 in
959 320 1079 355 auenis
1100 332 1110 354 Ι
1129 319 1211 354 feno
1232 331 1243 353 1
1262 331 1351 366 pane
1370 317 1497 364 equino
1518 334 1527 351 ι
1549 323 1583 352 et
1600 318 1704 352 feodo

288 402 422 448 Stabulj
443 413 504 448 per
522 400 656 434 dictum
675 405 812 446 tempus
831 399 1034 433 examinatis
1051 397 1153 445 super
1172 397 1385 444 Compotum
1402 412 1412 430 t
1430 396 1649 443 capientibus
1669 397 1704 429 in

289 481 343 513 ‹lie
358 479 446 526 xlijs
465 478 522 524 viij
541 477 567 512 d
585 490 595 511 s
615 489 750 511 summa
767 476 837 523 lxvj
857 477 882 510 fl
902 476 922 523 ij
943 481 957 511 ἕ
975 475 1033 522 viij
1054 475 1078 510 d
1097 488 1108 509 s
1129 475 1220 510 Item
1239 475 1339 522 super
1357 487 1426 509 vno
1446 487 1536 520 equo
1556 474 1703 520 Domi-,ij

290 558 397 604 Regis
416 562 618 591 remanente
650 555 685 589 in
717 554 926 600 Edinburgh
955 567 1017 601 per
1040 555 1096 601 xvj
1130 555 1202 589 dies
1233 554 1323 588 infra
1351 554 1484 588 dictum
1515 560 1652 600 tempus
1670 555 1706 587 in

289 635 409 669 auenis
428 651 437 667 ι
458 635 538 668 feno
554 650 563 666 t
578 639 613 667 et
627 645 716 680 pane
735 632 862 678 equino
880 632 961 678 xxvj
975 637 990 667 ἔ
1008 631 1064 679 viij
1081 632 1105 667 d
1124 648 1134 665 ι
1156 631 1247 666 Item
1266 633 1390 679 expen’
1408 632 1509 678 super
1527 644 1597 665 vno
1616 644 1706 677 equo

291 713 440 747 eiusdem
468 725 529 759 per
558 711 741 746 duodecim
774 711 846 745 dies
863 714 942 744 xx&
970 726 980 744 ι
1010 709 1057 744 Et
1084 709 1186 757 super
1213 722 1303 756 equo
1332 708 1477 756 Dominj
1510 709 1618 755 Regis
1644 722 1706 756 per

290 792 413 837 vigintj
434 790 505 824 dies
524 790 559 824 in
578 789 697 824 auenis
717 802 728 823 l
747 789 828 823 feno
848 805 857 821 t
879 794 913 823 et
931 801 1020 836 pane
1039 789 1166 835 equino
1186 801 1197 822 l
1218 787 1432 835 capientibus
1450 788 1486 821 in
1505 787 1560 822 die
1591 800 1637 821 xx
1655 787 1679 821 d
1694 801 1704 820 l

290 881 424 903 summa
443 867 550 914 xxxiij
572 872 586 903 ἔ
604 867 649 914 iiij
669 867 693 901 d
721 880 731 900 s
760 866 807 900 Et
824 864 925 913 super
945 878 1013 900 vno
1041 879 1130 912 equo
1149 866 1321 901 Johannis
1340 865 1529 900 Trumbull
1550 865 1592 900 de
1611 877 1706 899 nouo

290 952 455 993 precepto
475 945 621 992 Dominj
644 944 752 990 Regis
770 949 974 978 remanente
993 944 1030 977 in
1049 943 1258 989 Edinburgh
1285 956 1349 990 per
1380 943 1500 977 decem
1530 943 1602 977 dies
1620 942 1708 976 infra

293 1025 426 1058 dietum
447 1030 582 1070 teinpus
600 1023 637 1056 in
655 1022 775 1056 auenis
794 1027 828 1056 et
845 1022 954 1068 gagiis
972 1021 1041 1068 fenj
1061 1034 1085 1055 x
1102 1027 1117 1056 Ξ
1144 1034 1155 1054 l
1185 1020 1231 1055 Et
1257 1019 1358 1068 super
1389 1021 1525 1055 duobus
1544 1021 1639 1067 equis
1658 1033 1709 1054 re-

294 1101 513 1135 manentibus
532 1101 567 1134 in
588 1099 796 1145 Edinburgh
814 1111 876 1146 per
893 1099 975 1146 xviij
996 1099 1068 1133 dies
1088 1116 1098 1132 ι
1119 1099 1333 1146 capientibus
1363 1099 1400 1133 in
1427 1099 1548 1133 auenis
1567 1114 1578 1133 ι
1596 1099 1676 1133 feno
1698 1113 1708 1131 l

295 1186 328 1213 et
344 1191 432 1226 pane
451 1179 578 1224 equino
597 1177 677 1223 xxvj
698 1182 712 1211 S
731 1176 789 1223 viij
807 1176 842 1211 d.

668 1254 811 1289 Summa
828 1254 974 1301 pecunie
993 1253 1064 1301 lxxj
1083 1254 1109 1289 ii
1127 1254 1186 1288 xix
1204 1258 1218 1288 ἓ
1236 1253 1282 1301 iiij
1302 1255 1336 1289 d.

344 1413 469 1447 ano
487 1413 644 1446 APmLIs
665 1425 675 1445 l
697 1411 797 1457 Rege
813 1415 1016 1445 remanente
1031 1410 1067 1444 in
1082 1409 1274 1456 Striueling
1289 1422 1300 1443 t
1314 1410 1438 1456 expen’
1452 1410 1552 1457 super
1567 1410 1711 1456 quadra-

295 1490 692 1537 gintaquinque[equis]
702 1489 810 1535 Regis
825 1487 1045 1535 etDomicilij
1061 1487 1320 1522 remanentibus
1332 1487 1367 1521 in
1378 1487 1569 1534 Striueling
1583 1500 1602 1521 a
1616 1487 1711 1521 dicto

296 1570 350 1603 die
370 1568 472 1614 vsqiie
492 1580 623 1601 nonum
644 1567 735 1601 diem
756 1566 839 1613 dietj
856 1565 977 1600 meniis
992 1563 1163 1600 exclufiue
1183 1582 1193 1598 ι
1209 1565 1451 1612 (111]Γυηῑοᾶὶο
1466 1565 1538 1599 dies
1552 1578 1562 1599 s
1576 1565 1712 1611 capien-

294 1646 385 1679 tibus
412 1645 586 1692 duplicem
614 1644 809 1678 mensuram
840 1656 850 1677 Ι
883 1643 1097 1690 capientibus
1125 1643 1161 1677 in
1192 1643 1298 1677 noc’te
1317 1656 1338 1677 v
1357 1643 1466 1677 bollas
1492 1642 1512 1689 ij
1538 1642 1669 1676 firlotas
1688 1643 1708 1689 ij

294 1736 414 1769 peccas
426 1735 615 1757 auenarum
633 1739 642 1755 s
659 1734 794 1756 summa
807 1721 827 1768 ij
845 1721 961 1755 celdre
980 1720 1037 1768 xiij
1055 1720 1148 1755 bolle
1162 1733 1353 1755 auenarum
1374 1734 1384 1755 s
1403 1721 1497 1767 price
1511 1720 1604 1754 bolle
1623 1722 1654 1766 vj
1669 1725 1683 1755 Ξ
1699 1734 1709 1753 s

296 1813 429 1834 summa
446 1801 504 1847 xiij
520 1801 544 1835 ii
562 1813 584 1834 x
598 1806 613 1835 ἔ
632 1817 642 1833 ι
664 1800 755 1834 Item
768 1799 803 1833 in
817 1798 926 1846 gagijs
937 1799 1006 1846 fenj
1027 1803 1061 1833 et
1078 1798 1182 1832 feodo
1202 1797 1332 1845 Stabulj
1348 1811 1410 1845 per
1426 1798 1558 1832 dictum
1575 1803 1710 1844 tempus

296 1878 339 1923 vij
359 1878 382 1912 ii
402 1890 423 1911 x
438 1882 453 1912 ἔ
472 1894 481 1910 s
504 1876 594 1911 Item
612 1877 649 1910 in
666 1888 755 1923 pane
769 1876 896 1921 equino
909 1875 982 1922 iiij⁰r
992 1874 1088 1921 equis
1102 1873 1249 1922 Dominj
1268 1874 1376 1921 Regis
1390 1887 1452 1921 per
1468 1874 1558 1908 idem
1574 1880 1711 1921 tempus

295 1955 340 2000 xij
361 1959 375 1988 Ξ
395 1968 404 1987 s
426 1954 473 1988 Et
490 1966 554 2000 pro
572 1953 672 1988 firma
690 1953 815 1987 domus
832 1952 950 1986 auerie
967 1952 1003 1986 in
1023 1951 1214 1999 Striueling
1225 1964 1287 1999 per
1302 1952 1436 1987 dictum
1451 1957 1588 1998 tempus
1599 1952 1633 1998 iij
1647 1956 1674 1986 ἔ.

737 2030 880 2065 Summa
897 2029 1044 2076 pecunie
1062 2028 1120 2075 xxj
1139 2028 1164 2063 ii
1183 2041 1229 2063 xv
1247 2033 1273 2063 ἒ.

348 2182 460 2216 NONO
481 2183 639 2217 APRILIS
667 2196 678 2216 l
707 2182 806 2228 Rege
836 2188 1039 2217 remanente
1058 2183 1094 2216 in
1114 2181 1322 2229 Edinburgh
1341 2199 1352 2216 l
1372 2182 1495 2229 expen’
1523 2180 1623 2228 super
1654 2182 1709 2216 sex·

298 2260 393 2306 equis
413 2259 557 2306 Dominj
581 2259 688 2306 Regis
715 2259 974 2294 remanentibus
992 2259 1028 2293 in
1048 2258 1257 2306 Edinburgh
1287 2272 1307 2294 a
1333 2259 1428 2294 dicto
1448 2258 1502 2293 die
1521 2256 1624 2304 vsque
1641 2258 1709 2304 pri-
