1861 2703
334 644 487 675 VINUM
516 643 722 673 EMPTUM
750 643 811 673 ET
838 643 1010 673 DATUM
1040 643 1100 673 DE
1130 643 1250 673 ANNO
1277 643 1451 674 DOMINI
1478 642 1582 672 MIL-

334 717 509 747 LESIMO
528 715 921 753 QUINGENTESIMO
939 715 1161 745 VICESIMO
1185 716 1363 752 QUINTO
1382 727 1391 743 s
1410 716 1580 745 JACOBO

337 790 558 831 [COLUILE
584 789 645 819 DE
671 788 912 818 VCHILTRE
951 788 1284 818 MINISTRANTE
1315 789 1363 817 IN
1393 788 1580 818 OFFICIO

332 861 661 892 COMPOTORUM
687 860 1050 900 ROTULATORIS.]

163 1032 281 1061 ITEM
301 1027 350 1061 IN
368 1032 532 1062 PRIMIS
554 1039 565 1059 s
586 1025 703 1072 Empt’
719 1037 781 1071 per
799 1023 1049 1058 Rotulatorem
1065 1037 1075 1056 s
1089 1037 1159 1058 xxv
1174 1024 1388 1071 Septembris
1409 1038 1418 1059 t
1439 1039 1458 1060 a
1472 1039 1581 1072 quon-

209 1106 287 1138 dam
303 1105 493 1150 [quodam]
513 1104 700 1139 Gallicano
720 1103 740 1150 ij
762 1103 855 1137 dolia
870 1104 905 1151 iij
923 1102 1132 1151 pounfiones
1149 1105 1220 1151 vinj
1241 1105 1360 1152 claretj
1383 1119 1393 1139 s
1413 1112 1451 1141 vt
1468 1106 1581 1140 afferit

208 1183 322 1217 dic‘tus
343 1182 534 1217 Rotulator
554 1199 563 1215 l
584 1195 648 1229 pro
666 1181 790 1228 quibus
809 1181 955 1228 vocandj
988 1181 1064 1215 sunt
1096 1181 1216 1216 Dauid
1245 1182 1451 1218 Crechtoun
1478 1184 1580 1230 super

209 1267 410 1307 compotum
431 1275 442 1295 l
461 1262 555 1308 price
574 1259 800 1308 pounfiounis
818 1261 851 1307 vj
872 1261 897 1294 Ῐί
915 1273 960 1294 xv
980 1265 994 1295 ἕ
1014 1274 1024 1294 s
1044 1273 1179 1294 summa
1344 1262 1451 1308 lxxiiij
1472 1262 1496 1296 ii
1514 1275 1535 1296 v
1554 1268 1578 1297 ἔ.

160 1339 250 1374 Item
271 1341 375 1386 empt'
394 1352 455 1387 per
474 1339 623 1373 eundem
639 1356 648 1372 l
666 1339 761 1373 (1ίὸὶο
781 1339 835 1373 die
852 1351 863 1372 s
880 1340 911 1385 xj
932 1338 1142 1385 punfiounes
1161 1339 1343 1374 confimilis
1361 1341 1432 1387 vinj
1454 1354 1465 1374 l
1484 1341 1579 1387 price

207 1418 336 1463 equalis
601 1444 608 1451 .
883 1443 890 1450 .
1162 1443 1169 1450 .
1463 1419 1522 1466 xlij
1542 1420 1578 1453 ii.

160 1496 216 1530 De
235 1496 358 1542 quibus
377 1495 471 1530 miss'e
488 1495 604 1530 versus
623 1495 815 1541 Striueling
830 1507 851 1529 v
865 1493 1098 1541 pounfiounes
1116 1495 1200 1541 difi‘nj
1217 1496 1286 1542 vinj
1309 1509 1319 1528 s
1339 1501 1373 1530 et
1392 1495 1434 1530 fic
1451 1496 1579 1530 reflant

205 1574 298 1621 apud
318 1573 527 1620 Edinburgh
545 1573 580 1620 iij
601 1573 694 1607 dolia
712 1573 783 1619 vinj
813 1586 823 1606 s
854 1572 944 1607 Item
964 1573 1094 1620 recept’
1111 1585 1174 1620 per
1187 1573 1359 1608 Jacobum
1375 1574 1580 1609 Crechtouu

206 1653 424 1699 capitaneum
452 1651 494 1686 de
523 1650 733 1697 Edinburgh
763 1656 797 1685 et
829 1651 864 1684 in
894 1656 992 1698 parte
1023 1651 1066 1685 de
1094 1652 1259 1685 mandato
1289 1651 1435 1700 Dominj
1471 1652 1579 1699 Regis

200 1731 214 1777 j
236 1730 431 1778 pounfioun
448 1730 519 1776 vinj
543 1743 553 1763 s
574 1735 607 1763 et
625 1727 668 1763 fic
688 1728 814 1763 restant
846 1729 888 1763 de
918 1729 1013 1763 claro
1041 1730 1086 1777 vij
1119 1729 1353 1777 pounfiounes
1381 1732 1451 1777 vinj
1485 1732 1576 1778 apud

207 1809 426 1855 Edinburgh.

160 1888 248 1921 Item
268 1888 373 1933 empt'
392 1899 454 1933 per
474 1886 721 1920 Rotulatorem
744 1899 755 1919 s
774 1886 888 1932 primo
912 1885 1126 1920 Nouembris
1149 1899 1155 1920 t
1178 1886 1233 1932 viij
1255 1885 1486 1932 pounfiounes
1506 1888 1576 1933 vinj

205 1964 322 2011 claretj
344 1969 378 1998 et
396 1964 461 2010 albj
484 1977 494 1997 s
514 1964 609 2010 priqe
628 1962 851 2010 pounfiounis
869 1965 904 2009 vj
924 1964 947 1997 ii
971 1977 981 1996 s
1000 1975 1135 1997 summa
1284 1990 1290 1997 .
1424 1964 1519 2011 xlviij
1539 1966 1576 1999 ii.

158 2043 248 2076 Item
268 2043 401 2088 empt'j
422 2040 618 2088 pounfioun
636 2041 786 2088 ejusdem
807 2041 877 2087 vinj
899 2041 1016 2087 claretj
1039 2054 1049 2075 t
1069 2042 1162 2088 price
1322 2068 1329 2075 .
1487 2043 1519 2090 vj
1539 2044 1575 2078 ii.

160 2120 248 2154 Item
269 2121 374 2166 empt’
394 2133 405 2153 l
425 2124 508 2154 xxv⁰
528 2119 736 2154 Decembris
756 2132 766 2153 s
786 2119 819 2166 iij
841 2119 934 2153 dolia
958 2119 972 2166 j
1003 2118 1198 2166 pounfioun
1216 2120 1287 2166 vinj
1308 2120 1426 2168 claretj
1456 2126 1490 2155 et
1508 2121 1575 2167 albj

203 2198 318 2232 locata
335 2198 476 2232 cellario
497 2197 699 2245 Monasterij
721 2197 849 2232 Sanfioe
867 2197 992 2232 Crucis
1010 2210 1016 2232 ι
1033 2211 1097 2245 pro
1109 2198 1234 2244 quibus
1246 2198 1395 2233 vocandi
1406 2199 1484 2234 sunt
1505 2200 1576 2234 Ro-

203 2276 321 2310 bertus
342 2276 500 2323 Douglas
521 2289 531 2310 t
551 2276 645 2323 price
663 2276 793 2323 equalis
813 2290 823 2310 s
843 2288 978 2311 summa
1175 2303 1182 2310 .
1374 2277 1444 2323 lviij
1464 2278 1488 2312 ii
1508 2290 1530 2311 x
1548 2283 1572 2312 ἔ.
