1861 2703
161 845 260 869 Selk'uk.

277 282 299 311 4«
739 269 895 304 LIBER
925 266 1202 303 DOMICILII
1580 269 1687 300 1525.

327 378 409 408 DIE
434 374 631 405 VENERIS
649 367 733 401 xviii
748 365 908 412 Augusti.
961 369 1211 399 PANETRIA.
1241 361 1298 395 De
1317 362 1516 408 preintratis
1536 374 1547 395 s
1568 362 1690 408 expen’

276 454 303 498 jc
328 450 340 483 1
365 460 470 495 panes
500 458 507 480 1
536 450 570 479 et
588 444 630 479 fic
647 444 775 478 restant
793 443 887 489 xxiiij
908 454 1024 489 panes.
1077 445 1392 475 BUTELLARIA.
1434 439 1491 474 De
1518 438 1659 474 ceruifia
1675 453 1685 473 s

283 527 405 574 expen'
431 524 514 570 xliiij
543 523 657 568 lagine
684 522 705 568 ij
733 526 856 567 quarte
883 518 1023 553 ceruilie
1060 531 1070 551 s
1107 523 1141 552 et
1171 516 1213 550 fic
1239 516 1366 551 restant
1392 518 1498 564 xxxiij
1526 518 1642 564 lagine
1668 519 1688 565 ij

283 602 438 651 quartej
466 601 586 648 pineta
612 598 751 634 ceruifie
777 598 979 645 preintrate.
1041 601 1254 638 COQUINA.
1299 594 1417 641 Empt’
1452 595 1523 642 viijc
1557 595 1691 630 alleca!

282 682 330 729 iijc
355 681 421 727 albj
456 678 562 726 pisces
601 690 612 711 s
648 677 670 723 ij
706 675 877 710 salmones
911 678 1068 708 recentes
1096 673 1143 720 lj
1172 672 1269 707 mulo
1298 686 1308 706 t
1336 686 1357 707 v
1383 673 1464 719 lucij
1494 687 1504 707 s
1532 674 1568 707 in
1593 674 1696 708 ‘crutis

284 758 493 794 torrentium
521 769 532 790 s
559 753 722 801 anguillis
750 767 761 787 l
788 751 941 787 fundolis
969 765 980 785 l
1008 751 1140 786 cancris
1167 764 1179 785 t
1206 749 1285 784 solis
1305 764 1315 784 s
1335 750 1504 797 codlingis
1525 763 1536 784 l
1556 751 1698 785 butirot

291 1238 396 1275 panes
415 1238 425 1259 t
446 1230 481 1258 et
498 1222 540 1257 fic
559 1234 646 1268 eque
665 1234 753 1267 eque
785 1234 795 1254 s
827 1220 918 1254 Item
951 1222 1056 1266 empt’
1075 1219 1123 1266 iijC
1141 1231 1247 1265 panes
1265 1219 1405 1253 venales
1422 1219 1516 1266 price
1535 1220 1569 1266 iij
1588 1220 1614 1254 fi
1633 1237 1643 1253 l
1664 1220 1707 1253 de

292 1303 415 1350 quibus
434 1303 559 1348 expen'
574 1300 602 1346 j
621 1298 729 1345 xxviij
749 1310 856 1345 panes
884 1310 894 1330 Ι
922 1302 956 1331 et
971 1295 1014 1331 fic
1031 1296 1159 1330 restant
1170 1296 1199 1343 j
1217 1296 1348 1343 lxxxxij
1367 1309 1485 1343 paneS.
1535 1304 1708 1333 BUTEL-

294 1386 448 1416 LARIA.
488 1379 546 1412 De
565 1375 706 1412 ceruifia
722 1376 916 1423 preintrata
936 1388 947 1409 l
967 1377 1091 1422 expen'
1110 1375 1220 1421 xxxiij
1244 1375 1360 1422 lagine
1379 1375 1400 1422 ij
1421 1377 1570 1422 quartej
1590 1376 1709 1422 pineta

295 1456 435 1492 ceruifie
456 1469 466 1490 s
487 1461 521 1489 et
539 1454 581 1489 iic
600 1466 687 1500 eque
715 1467 725 1487 Ι
755 1453 848 1487 Item
867 1453 973 1499 empt’
991 1452 1003 1485 l
1020 1452 1137 1498 lagine
1156 1451 1298 1486 ceruilie
1315 1451 1460 1487 taberne
1480 1465 1491 1486 t
1510 1453 1604 1499 price
1623 1452 1669 1499 iiij
1685 1452 1709 1487 ii

297 1534 330 1581 iij
351 1539 366 1569 ἒ
382 1533 429 1580 iiij
449 1533 473 1568 d
500 1546 510 1566 s
539 1532 581 1566 de
599 1531 724 1577 quibus
742 1532 866 1577 expen’
893 1543 916 1563 x
942 1529 1057 1575 lagine
1078 1532 1092 1576 j
1120 1535 1243 1575 quarta
1265 1528 1406 1564 ceruifie
1433 1543 1443 1564 ι
1472 1535 1506 1564 et
1524 1528 1567 1564 fic
1584 1530 1711 1564 restant

298 1612 405 1646 xxxix
423 1611 539 1656 lagine
557 1609 591 1656 iij
611 1613 733 1655 quarte
752 1606 905 1642 ceruifie.
958 1612 1171 1649 COQUINA.
1210 1607 1327 1654 Empt'
1346 1607 1381 1654 ij⁶
1399 1607 1467 1641 albi
1484 1607 1591 1654 pisces
1611 1621 1622 1642 l
1637 1610 1664 1655 j⁰
1676 1608 1712 1642 lx

300 1688 448 1722 m‘fische
469 1701 479 1721 s
498 1688 535 1720 in
553 1686 655 1720 trutis
669 1685 879 1720 torrentium
901 1698 911 1717 l
930 1684 1030 1730 lucijs
1050 1697 1060 1718 s
1079 1684 1233 1718 fundolis
1252 1698 1262 1718 t
1282 1685 1393 1731 pomis
1414 1698 1424 1718 s
1444 1685 1518 1719 ovis
1538 1698 1548 1718 s
1568 1685 1710 1719 butiroz

303 1766 445 1812 cenapio
467 1778 476 1798 s
497 1770 529 1798 et
550 1764 641 1811 cepis
663 1776 669 1797 Ι
691 1762 775 1808 varij
797 1762 902 1809 precij
933 1775 943 1796 l
972 1762 1114 1796 Summa
1132 1762 1166 1809 iij
1185 1762 1210 1797 Ῐί
1228 1762 1284 1809 xvj
1304 1763 1328 1797 d
1347 1776 1358 1796 s
1379 1768 1411 1797 et
1431 1766 1567 1810 expen'.

781 1840 923 1873 Summa
940 1853 963 1874 x
979 1840 1004 1874 Ῐί
1022 1840 1068 1887 iiij
1089 1845 1103 1875 Ξ
1121 1841 1178 1887 viij
1198 1841 1231 1875 d.

352 2004 434 2034 DIE
460 2003 694 2033 DOMINICO
709 2009 755 2030 xx
769 1995 928 2042 Augusti.
969 2001 1215 2031 PANETRIA.
1242 1996 1298 2030 De
1312 1997 1512 2043 preintratis
1528 2010 1540 2031 t
1556 1997 1716 2044 expen’jc

306 2077 363 2123 lvij
383 2088 488 2123 panes
516 2088 526 2108 Ι
555 2080 589 2109 et
615 2073 656 2108 fic
684 2073 811 2108 restant
828 2086 923 2108 xxxv
940 2086 1046 2120 panes
1074 2087 1084 2107 l
1114 2073 1203 2108 Item
1223 2078 1328 2120 empt'
1342 2077 1369 2121 j‘
1387 2075 1469 2122 xlvij
1489 2087 1596 2121 panes
1613 2087 1716 2110 vena-

307 2153 356 2187 les
384 2166 394 2186 t
422 2158 458 2187 et
483 2151 526 2185 fic
553 2151 678 2186 restant
704 2152 739 2184 in
766 2156 840 2185 toto
862 2151 889 2197 j‘
908 2151 1014 2197 lxxxij
1042 2163 1160 2197 panes.
1224 2157 1540 2188 BUTELLARIA.
1581 2152 1718 2199 Expen'

311 2231 418 2264 xxxix
434 2230 550 2275 lagine
569 2229 601 2275 iij
617 2234 738 2274 quarte
757 2228 897 2263 ceruifie
918 2243 928 2261 t
949 2234 982 2262 et
1000 2227 1042 2262 fic
1061 2241 1147 2274 eque
1166 2241 1252 2274 eque
1281 2242 1291 2262 l
1321 2229 1411 2263 Item
1431 2233 1535 2277 empt'
1554 2230 1586 2276 xj
1603 2230 1718 2276 lagine

312 2306 451 2343 ceruifie
472 2321 481 2340 s
502 2307 594 2353 price
612 2319 761 2341 unacum
777 2309 803 2353 j
822 2307 904 2352 xlvij
924 2307 1069 2353 panibus
1088 2307 1265 2342 venalibus
1284 2307 1354 2354 xlvj
1370 2313 1384 2342 Ξ
1403 2309 1447 2355 vij
1463 2308 1486 2342 d
1505 2321 1515 2341 s
1536 2308 1578 2341 de
1596 2308 1719 2353 quibus
