1861 2703
80 404 245 429 Northheruik.

282 224 350 259 126
757 218 916 253 LIBER
943 216 1222 253 DOMICILII
1593 218 1698 250 1528.

281 321 395 367 lagine
414 319 435 366 ij
456 322 578 365 quarte
597 314 738 351 ceruifie
766 328 777 350 l
807 315 899 350 Item
918 316 1023 363 empt’
1035 315 1064 362 jc
1081 315 1142 349 lxx
1160 314 1276 361 lagine
1305 311 1445 348 ceruisie
1472 310 1567 346 miffe
1585 312 1702 346 versus

282 395 525 433 Northberuik
541 407 548 429 t
563 394 713 441 pricium
730 393 812 440 xviij
830 394 854 428 ii
873 393 906 440 iij
923 398 938 428 Ξ
957 392 1001 440 iiij
1014 392 1039 428 d
1057 406 1068 427 l
1088 393 1130 427 de
1145 392 1269 439 quibus
1288 391 1412 439 expen'
1427 390 1555 425 ibidem
1567 391 1603 423 in
1618 401 1704 424 cena

282 474 399 521 xxxiiij
419 474 534 521 lagine
553 470 693 507 ceruifie
714 486 725 506 l
745 477 779 506 et
799 471 842 506 fic
859 471 987 506 restant
999 473 1027 518 jc
1040 471 1145 518 xxxvj
1161 471 1276 517 lagine
1295 469 1447 504 ceruifie.
1483 475 1702 511 COQUINA·

285 554 405 600 Empt’
424 552 484 599 iiijc
502 551 597 598 xxiiij
618 550 728 585 alleca
747 563 758 584 s
777 562 825 584 xv
844 550 1004 584 mulones
1022 555 1180 584 recentes
1201 562 1211 583 l
1231 549 1279 596 iijc
1297 548 1367 595 albj
1387 547 1494 595 pisces
1514 561 1524 582 s
1544 548 1580 581 lx
1600 547 1706 594 pisces

285 631 370 677 aridj
392 644 402 665 s
422 644 444 664 x
463 636 557 664 trute
577 643 588 663 s
607 629 628 676 ij
648 628 729 676 lucij
753 628 792 676 sj
813 627 883 662 sole
903 640 914 662 l
932 627 970 661 lx
987 627 1124 674 podlois
1143 639 1155 661 l
1176 626 1233 673 vijc
1253 625 1353 660 ostria
1373 639 1384 660 l
1403 626 1439 660 in
1457 626 1559 660 trutis
1572 631 1707 659 torren-

286 711 372 743 tium
393 723 404 742 l
424 709 459 743 in
478 706 544 742 sale
565 721 576 742 s
595 707 688 755 cepis
709 708 749 754 Jj
769 706 866 741 mulo
884 718 1005 740 recens
1025 718 1036 739 s
1055 705 1091 751 ijc
1109 704 1175 752 albj
1196 704 1302 752 pisces
1329 717 1340 737 l
1370 703 1427 750 viij
1448 703 1528 750 lucij
1551 705 1589 750 (j
1609 703 1678 737 sole
1695 716 1705 736 s

283 788 295 833 j
328 786 483 834 anguilla
514 800 525 820 l
554 786 592 820 in
621 785 725 820 trutis
756 791 790 819 et
820 784 989 830 carriagio
1017 781 1161 830 piscium
1192 782 1278 829 varij
1310 781 1415 829 precij
1446 794 1457 815 s
1486 781 1628 816 Summa
1645 793 1666 814 v
1684 782 1708 815 ii

288 866 346 912 xiij
367 870 382 900 ἒ
400 865 421 912 ij
440 865 465 900 d
484 878 494 898 l
514 870 548 899 et
567 864 690 911 expen'
719 877 730 898 s
760 863 816 898 De
835 862 1036 910 preintratis
1063 860 1215 908 expen'j
1236 865 1337 908 petra
1353 860 1390 894 ix
1406 859 1494 894 libre
1513 859 1616 906 butirj
1647 872 1657 893 l
1676 864 1709 893 et

291 943 334 977 fic
352 943 479 978 restant
497 956 519 978 v
537 948 635 990 petre
662 942 697 976 ix
724 942 811 976 libre
829 941 933 987 butirj
964 953 975 974 s
1005 939 1096 974 Item
1115 940 1221 986 empt'
1240 939 1297 986 ijsO
1318 939 1377 986 iii-jc
1405 938 1566 972 mulones
1592 937 1677 984 aridj
1699 951 1710 970 l

292 1023 436 1069 pricium
452 1024 480 1069 jc
495 1022 541 1068 iiij
560 1021 585 1056 fi
599 1034 622 1054 x
639 1025 654 1055 ἔ
673 1033 683 1054 s
702 1020 807 1054 locati
826 1020 861 1053 in
879 1019 1068 1052 lardinaria
1091 1018 1134 1052 de
1162 1016 1374 1063 Edinburgh
1393 1030 1404 1051 l
1425 1016 1466 1051 de
1485 1016 1608 1062 quibus
1627 1013 1711 1049 mifl'i

292 1099 409 1133 versus
428 1098 672 1133 Northberuik
690 1098 727 1131 lx
745 1097 905 1131 mulones
923 1096 1008 1142 aridj
1031 1109 1041 1129 s
1062 1100 1096 1130 et
1114 1094 1158 1129 fic
1172 1095 1299 1129 reflant
1317 1095 1411 1142 apud
1429 1094 1637 1139 Edinburgh
1656 1093 1712 1140 ijm

293 1178 343 1223 iijc
361 1178 396 1211 lx
415 1177 575 1212 mulones
593 1176 679 1223 aridj
701 1189 713 1210 l
734 1175 825 1210 Item
844 1175 950 1221 empt'
967 1173 1062 1220 xxiiij
1082 1173 1204 1207 barilia
1221 1172 1414 1207 salmonum
1432 1171 1595 1206 salsorum
1617 1189 1626 1205 l
1646 1172 1714 1218 pri-

293 1334 510 1369 continentIa
528 1339 578 1368 vxx
592 1333 650 1380 xiij
667 1331 835 1367 salmones
853 1330 953 1366 lialsos
974 1343 985 1364 s
1005 1329 1066 1377 iiijc
1080 1335 1131 1364 vxx
1147 1330 1182 1376 iij
1199 1327 1308 1375 girlfis
1324 1342 1334 1363 1
1354 1334 1389 1363 et
1402 1326 1575 1363 residuum
1587 1329 1651 1373 vi3.
1667 1328 1711 1373 vij

295 1413 415 1447 barilia
440 1411 634 1446 salmonum
662 1410 825 1445 salsorum
849 1409 1092 1456 predifiwrum
1120 1407 1283 1442 restantia
1310 1407 1347 1441 in
1378 1406 1537 1441 manibus
1566 1406 1711 1453 Dominj

298 1490 519 1525 Rotulatoris
543 1489 700 1524 nondum
722 1489 850 1522 intrata
868 1488 903 1521 in
924 1486 1039 1521 Libris
1058 1485 1237 1533 Domicilij
1259 1499 1270 1519 s
1289 1498 1353 1533 pro
1372 1485 1496 1532 quibus
1513 1485 1582 1532 ipse
1603 1485 1715 1519 Rotu-

298 1570 387 1603 lator
407 1567 628 1615 respondebit
646 1568 683 1601 in
701 1566 882 1601 Scaccario
903 1578 914 1599 s
933 1565 1057 1599 barilio
1076 1564 1185 1599 stante
1203 1564 1246 1598 ad
1265 1564 1299 1611 iij
1320 1564 1345 1598 fi
1364 1577 1386 1597 x
1404 1568 1418 1598 ἔ
1438 1577 1449 1597 l
1471 1569 1508 1598 vt
1526 1564 1637 1610 supra.

755 1644 897 1679 Summa
915 1644 949 1690 ijc
968 1656 1013 1677 xv
1031 1643 1056 1677 ii
1074 1642 1131 1691 xxfj
1151 1646 1166 1677 ἔ
1183 1655 1204 1675 ν
1222 1642 1256 1676 d.

354 1808 434 1837 DIE
461 1808 623 1837 SABOTI
643 1801 689 1835 vii
708 1799 932 1835 Nouembris.
985 1805 1242 1835 PANETRIA.
1271 1799 1329 1834 De
1343 1799 1543 1846 preintratis
1563 1812 1574 1833 l
1594 1800 1716 1845 expen'

301 1895 344 1915 xv
364 1893 470 1928 panes
489 1881 524 1914 in
544 1880 719 1914 dominico
748 1893 759 1914 s
789 1879 880 1913 Item
908 1879 950 1913 de
977 1878 1128 1913 secundo
1156 1878 1191 1925 ijc
1221 1890 1328 1925 panes
1356 1892 1367 1912 l
1396 1878 1539 1913 Summa
1557 1878 1718 1925 expensa-

302 1973 380 1993 rum
399 1960 435 2005 ijc
454 1972 499 1993 xv
517 1971 625 2006 panes
644 1971 655 1992 l
675 1964 709 1993 et
740 1957 782 1992 fic
810 1956 939 1992 restant
967 1956 1050 2004 iiij‘f’
1077 1956 1149 2003 viijc
1177 1956 1236 2003 lvij
1269 1968 1386 2003 panes.
1438 1962 1719 1993 BUTELARIA.

304 2037 439 2083 Expen'
459 2036 529 2083 lxiij
551 2036 664 2082 lagine
684 2035 717 2082 iij
738 2040 864 2082 quarte
892 2033 1032 2069 eeruifie
1060 2048 1071 2068 s
1101 2033 1191 2068 Item
1224 2034 1346 2069 relifflae
1364 2034 1457 2082 apud
1475 2034 1718 2069 monasterium

302 2115 344 2148 de
366 2113 607 2148 Northberuik
625 2113 689 2160 iiijo
716 2112 930 2147 Nouembris
957 2111 1027 2158 lviij
1057 2111 1172 2157 lagine
1191 2111 1225 2158 iij
1254 2117 1376 2157 quarte
1407 2109 1547 2146 ceruifie
1577 2124 1588 2145 l
1619 2117 1653 2145 et
1679 2110 1719 2144 lic

302 2203 389 2236 eque
419 2203 430 2223 Ι
460 2189 550 2224 Item
571 2189 716 2238 enipt'jc
735 2189 844 2223 lxxxx
864 2189 979 2235 lagine
1010 2187 1150 2223 ceruifie
1178 2188 1275 2235 pricij
1310 2188 1393 2235 varij
1423 2201 1434 2222 s
1462 2188 1605 2223 Summa
1622 2188 1680 2221 xix
1696 2188 1721 2222 li

301 2272 333 2316 vj
353 2274 368 2303 ἔ
386 2268 442 2315 viij
463 2268 486 2303 d
507 2281 516 2301 s
538 2268 580 2302 de
599 2267 722 2313 quibus
741 2265 835 2302 miffe
867 2267 984 2302 versus
1004 2265 1202 2301 Faulkland
1231 2266 1267 2300 xl
1299 2266 1415 2313 lagine
1446 2264 1586 2301 ceruifie
1603 2265 1647 2299 ad
1664 2277 1720 2299 ex-
