1861 2703
156 235 261 271 1529.
655 229 811 265 REGIS
837 228 1025 265 JACOBI
1053 229 1098 264 V.
1502 229 1570 264 103

154 406 211 453 viij
233 406 257 441 d
275 419 287 439 l
306 411 340 440 et
359 404 496 440 restant.

610 482 752 517 Summa
770 482 851 529 xviij
871 483 896 518 ii
915 483 972 530 xiij
993 488 1008 517 Ξ
1026 482 1058 529 iij
1079 483 1113 518 d.

204 645 287 675 DIE
312 644 480 675 SABOTI
510 638 557 673 vii
589 637 750 684 Augusti.
804 644 1052 674 PANETRIA.
1092 638 1150 673 De
1177 640 1377 686 preintratis
1407 653 1417 673 Ι
1449 641 1573 687 expen‘

155 717 247 764 apud
267 716 460 763 Striueling
490 717 526 750 in
556 716 704 763 prandio
735 716 832 764 lxxxj
863 730 971 763 panes
1003 730 1014 751 l
1044 722 1079 751 et
1109 716 1152 751 fic
1181 717 1308 752 restant
1325 718 1396 765 iij‘O
1414 724 1446 752 vc
1466 719 1572 764 lxxvij

156 807 274 842 panes.
339 801 621 832 BUTELARIA.
670 794 808 842 Expen'
835 808 882 828 xx
912 794 1064 841 laginej
1101 800 1225 840 quarta
1259 794 1399 829 ceruisle
1430 809 1440 829 t
1470 802 1504 830 et
1533 795 1575 829 fic

156 873 284 908 restant
315 874 363 920 iijC
394 887 465 908 xxv
491 873 644 920 laginej
676 878 801 918 quarta
836 871 989 907 ceruisle.
1041 879 1257 915 COQUINA.
1298 872 1415 920 Empt’
1446 874 1481 919 ijc
1508 873 1574 919 albj

155 950 262 998 pisces
282 965 293 985 s
312 951 348 999 ijc
366 951 476 986 alleca
495 953 534 998 tj
554 949 656 996 girlse
677 966 687 983 ι
706 950 754 997 xij
774 949 944 985 salmones
963 948 1035 997 sall]
1057 963 1068 983 Ι
1087 950 1123 984 in
1142 950 1303 997 anguillis
1324 964 1334 984 t
1353 952 1456 985 trutis
1476 964 1486 984 l
1502 951 1577 985 fun-

156 1028 244 1063 dolis
264 1042 275 1062 s
299 1029 415 1064 butiro
435 1042 445 1063 l
465 1034 499 1063 et
519 1029 594 1062 ouis
615 1041 625 1061 s
645 1028 792 1074 pricium
811 1027 893 1074 xlvij
915 1033 929 1063 ἔ
947 1041 969 1061 x
986 1028 1011 1063 d
1030 1041 1041 1062 1
1061 1034 1095 1064 et
1113 1029 1248 1076 expen’.

206 1192 371 1222 EODEM
399 1192 493 1221 DIE.
547 1185 724 1220 Dominus
744 1184 825 1220 Rex
845 1198 856 1219 s
875 1185 975 1219 finito
993 1185 1140 1232 prandio
1161 1199 1171 1219 Ι
1192 1186 1361 1232 equitauit
1379 1186 1422 1220 de
1450 1187 1579 1220 Striue-

159 1264 233 1310 ling
251 1262 369 1298 versus
389 1263 587 1298 Faulkland
613 1263 650 1297 in
677 1275 773 1298 cena.
826 1269 1074 1299 PANETRIA.
1113 1263 1231 1311 Empt'
1258 1264 1306 1311 iijc
1334 1265 1366 1311 xj
1399 1277 1505 1311 panes
1524 1278 1579 1299 vv·
1594 1271 1732 1295 Faulklaud·

160 1341 256 1375 nales
277 1355 287 1375 s
307 1342 456 1389 pricium
475 1341 509 1388 iij
529 1341 553 1376 ii
572 1341 604 1388 iij
626 1345 642 1375 's‘
658 1341 716 1388 viij
736 1341 760 1376 d
779 1354 791 1375 l
810 1341 853 1375 de
884 1341 1008 1387 quibus
1027 1343 1151 1389 expen'
1168 1348 1219 1377 5¹³⁸
1238 1343 1284 1390 xij
1304 1355 1410 1390 panes
1442 1357 1452 1377 s
1485 1349 1519 1378 et
1537 1343 1578 1377 lic

159 1419 286 1454 restant
305 1420 340 1466 ijc
358 1420 417 1454 xix
445 1432 562 1467 panes.
616 1426 897 1456 BUTELARIA.
938 1419 1056 1467 Empt’
1081 1420 1109 1466 j
1136 1421 1231 1468 xxxij
1259 1421 1374 1468 lagine
1404 1422 1425 1469 ij
1457 1429 1578 1469 quarte

160 1497 299 1532 ceruifie
319 1512 330 1532 l
350 1498 446 1546 pricij
468 1499 552 1545 varij
574 1512 586 1533 t
604 1511 755 1533 vnacum
774 1499 924 1545 cariagio
941 1501 999 1546 [xj
1013 1499 1038 1534 fi
1058 1499 1104 1545 iiij
1120 1504 1134 1534 Ξ
1152 1499 1173 1546 ij
1187 1499 1211 1534 d
1230 1512 1241 1533 s
1261 1499 1303 1534 de
1317 1500 1441 1546 quibus
1455 1503 1579 1548 expen'

160 1577 253 1623 xxvij
263 1576 377 1623 lagine
392 1577 414 1623 ij
431 1582 553 1623 quarte
568 1575 709 1612 ceruifie
719 1582 774 1612 let
786 1575 830 1611 fic
841 1576 1004 1624 restantj⁰
1018 1590 1039 1611 v
1054 1577 1169 1623 lagine
1184 1577 1336 1613 ceruifie.
1364 1586 1579 1622 COQUINA.

163 1653 280 1701 Empt'
299 1654 334 1701 ijc
352 1654 461 1690 allec-a
480 1668 492 1689 l
512 1655 546 1702 ijc
564 1654 751 1702 speldingis
771 1668 782 1689 s
801 1657 834 1702 vj
854 1654 1024 1690 salmones
1056 1669 1066 1690 s
1099 1656 1135 1690 in
1153 1656 1289 1703 podlois
1320 1671 1330 1691 s
1359 1658 1578 1704 pefikinibusx

162 1732 314 1766 fundolis
334 1746 345 1766 l
364 1732 528 1779 anguillis
548 1746 559 1767 Ι
577 1732 695 1767 butiro
716 1746 726 1766 l
747 1732 843 1768 caseo
864 1747 875 1767 s
895 1734 971 1768 ouis
1004 1747 1014 1768 s
1046 1734 1113 1769 sale
1134 1748 1145 1768 l
1165 1740 1199 1769 et
1221 1734 1292 1782 pili}
1311 1749 1321 1769 s
1341 1737 1426 1782 varij
1456 1738 1554 1784 pricij
1570 1752 1579 1770 s

164 1809 308 1844 Summa
325 1810 371 1857 liij
393 1815 407 1845 ἔ
424 1813 458 1857 xj
478 1811 502 1845 d
522 1824 532 1844 s
553 1816 587 1845 et
606 1811 742 1857 expen'.

625 1889 770 1925 Summa
787 1889 847 1923 xix
864 1890 889 1924 fi
907 1889 964 1936 viij
985 1895 1001 1925 ἔ
1019 1890 1062 1935 vij
1082 1890 1116 1924 d.

216 2051 296 2081 DIE
323 2051 487 2081 SABOTI
516 2045 588 2079 xiiii
609 2045 770 2092 Augusti.
823 2052 1069 2081 PANETRIA.
1109 2045 1167 2080 De
1186 2047 1386 2093 preintratis
1417 2062 1429 2083 l
1458 2051 1581 2097 expen'

166 2123 260 2169 xxiiij
281 2135 387 2169 panes
405 2123 441 2157 in
460 2122 605 2158 difiunio
623 2124 716 2171 apud
735 2123 932 2158 Faulkland
962 2136 973 2157 s
1004 2123 1092 2158 Item
1121 2125 1245 2171 expen'
1275 2137 1339 2172 pro
1370 2125 1402 2160 le
1433 2127 1584 2173 fryouris

167 2200 210 2234 ad
239 2201 403 2246 coquinas
432 2201 541 2248 Regis
571 2206 606 2236 et
641 2201 805 2250 domicilij
834 2216 897 2250 per
928 2204 1015 2238 duos
1050 2203 1184 2239 menses
1220 2204 1350 2253 elapsos
1395 2221 1405 2241 l
1445 2208 1587 2241 Summa

169 2277 397 2325 expensarum
411 2281 439 2326 jc
457 2279 492 2314 lx
512 2292 619 2327 panes
639 2293 650 2315 s
670 2285 705 2315 et
722 2279 765 2315 fic
782 2281 910 2316 restant
937 2282 980 2317 de
1007 2282 1101 2317 claro
1133 2282 1189 2329 ᾖα)
1220 2283 1281 2330 iiijc
1311 2290 1361 2319 vxx
1392 2298 1438 2320 xv
1468 2298 1584 2332 panes.
