1861 2703
74 344 208 374 Striueling.

74 411 229 440 Glenfynlaw.

74 478 210 507 Striueling.

74 811 197 834 Falkland.

76 1072 157 1094 Penh.

77 1138 225 1160 Dunkelden.

78 1335 171 1359 Dunde.

270 245 316 276 322
843 241 1127 278 APPENDIX.
1592 249 1697 281 1530.

326 338 394 367 Dm
416 338 568 367 VENERls
584 338 647 368 xxii
662 339 746 370 Julii.

325 404 393 433 Dm
411 404 585 434 Mancmm
600 405 685 435 xxvii
700 405 784 436 Julii.
831 405 922 447 Apud
938 405 1122 436 venationes.

326 470 392 500 Dm
412 471 537 500 SABo'rl
554 482 618 500 xxx
633 471 652 501 J
656 471 718 500 ulii.
767 471 884 513 Expen'
900 471 930 501 in
946 482 1020 502 cena
1034 471 1115 512 apud
1135 471 1301 514 Striueling
1311 473 1336 513 jc
1351 473 1445 515 xxxiij
1463 485 1566 515 panes.

571 537 695 567 Summa
710 537 811 567 totalis
826 537 937 568 mensis
952 537 971 566 J
974 537 1026 567 ulii
1041 537 1083 577 vjc
1098 537 1161 578 xiiij
1178 537 1200 568 fi
1215 537 1268 568 xix
1285 541 1297 567 ἐ
1313 538 1353 579 iiij
1370 541 1399 568 d.

1481 615 1555 638 Tenet
1576 607 1652 636 Abd-

323 670 390 699 D11‹:
411 670 505 699 LUNE
523 670 532 698 i
550 669 694 710 Augusti.
741 668 868 699 Familia
882 668 919 699 ad
934 669 1051 709 gagias.

324 737 392 765 Dm
412 735 544 765 MARTIS
571 735 603 764 ix
632 735 775 776 Augusti.
826 736 938 774 Viyilia
967 736 1073 765 Sancti
1098 736 1274 767 Laurencie'.
1321 736 1422 767 Hodie
1448 737 1599 768 Dominus
1628 738 1695 767 Rex

283 802 430 842 equitauit
445 802 482 831 de
501 801 666 842 Striueling
682 812 784 832 versus
802 801 960 832 Falkland.

330 869 392 898 Dm
408 868 589 898 DoMlNico
613 867 677 897 xiiii
696 867 839 908 Angusti.
879 868 892 907 j
921 867 975 896 bos
999 872 1103 907 pastus
1129 878 1167 897 ex
1191 868 1270 898 dono
1296 869 1422 899 Domini
1441 870 1551 900 Prioris
1582 871 1699 901 Sancti-

286 935 405 965 andree.
447 936 458 974 j
476 945 584 975 agnus,
601 933 642 974 iiij
660 944 790 974 capones
805 933 883 974 pasti
898 944 951 973 per
966 932 1134 963 Dominum
1150 933 1186 964 de
1206 934 1402 976 Cullarneny.

326 1001 393 1030 Dm
414 1000 512 1030 LUNE
530 1011 570 1029 xv
589 999 732 1041 Augusti.
777 1001 897 1029 Festmn
913 999 1133 1038 Asmaemptionis
1148 1000 1244 1029 Beate
1260 1001 1374 1030 Blarie.

328 1068 395 1096 Du:
414 1067 549 1096 MAn'rxs
566 1066 617 1095 xvi
636 1066 778 1106 Augusti.

328 1133 394 1162 Dm
412 1133 513 1162 Jouxs
540 1132 614 1161 xviii
644 1131 786 1172 Augusti.
835 1130 935 1160 Hodie
962 1130 1113 1160 Dominus
1144 1131 1212 1160 Rex
1240 1131 1389 1171 equitauit
1414 1132 1450 1162 de
1479 1133 1572 1163 Perth
1599 1145 1700 1164 versus

289 1198 474 1229 Dunkelden
490 1198 520 1227 in
537 1208 620 1227 cena.

328 1266 394 1295 Dm
415 1265 566 1294 VEm-:ms
582 1263 635 1293 xix
651 1262 792 1303 Augusti.
841 1262 994 1303 Georgius
1010 1262 1168 1303 episcopus
1184 1263 1419 1294 Dunkeldensis.

330 1332 397 1361 Du:
415 1332 512 1361 LUNE
529 1331 593 1360 xxii
611 1330 754 1371 Augusti.

331 1398 410 1428 Item
427 1397 515 1427 solut’
531 1397 561 1426 in
577 1396 676 1438 gagiis
691 1395 818 1425 duorum
835 1395 1016 1425 verletorum
1031 1395 1250 1437 Compotorum
1270 1395 1468 1434 Rotulatoris,
1486 1397 1574 1427 unius
1593 1397 1701 1428 Clerici

290 1465 520 1504 Compotorum‚
537 1462 665 1492 duorum
681 1461 862 1491 verletorum
882 1461 1122 1492 Senescassorum
1136 1462 1232 1503 Regis
1247 1468 1278 1493 et
1292 1462 1459 1499 Domicilii‚
1475 1474 1509 1493 ac
1521 1463 1701 1494 verletorum

291 1530 431 1560 Edwardi
447 1529 563 1565 Muter,
585 1527 707 1558 Walteri
733 1527 893 1568 Melwing‚
921 1527 1029 1557 Jacobi
1055 1527 1198 1564 Boswell,
1226 1534 1256 1558 et
1282 1527 1430 1558 ‚Iohannis
1458 1528 1565 1569 Spens,
1593 1539 1702 1559 mares-

286 1596 440 1631 callorum,
457 1595 584 1624 duorum
601 1593 783 1623 verletorum
798 1593 987 1623 ostiariorum
1003 1592 1081 1628 aule,
1110 1592 1168 1622 viz.
1184 1591 1332 1621 Johannis
1357 1591 1537 1628 Lawsoune,
1554 1592 1702 1623 ,Iohannis

289 1662 474 1698 Creehtoum
492 1661 579 1690 vnius
597 1659 740 1701 Magistri
763 1658 950 1694 Lardinarie,
976 1657 1063 1687 vnius
1093 1657 1237 1698 Hugonis
1263 1656 1475 1687 Johnnestoun
1502 1658 1564 1687 coci
1594 1658 1699 1698 Regis,

286 1728 373 1757 vnius
393 1727 511 1757 Andree
529 1726 657 1766 Murray
672 1726 703 1755 in
720 1724 900 1760 buttellaria,
920 1724 1008 1754 vnius
1024 1723 1172 1754 Johannis
1190 1723 1330 1764 Douglas
1346 1723 1376 1752 in
1393 1723 1513 1753 cellario
1528 1724 1599 1760 vini,
1615 1724 1702 1754 vuius

291 1794 413 1824 Patrieii
432 1793 525 1822 Clerk
541 1793 571 1822 in
587 1792 723 1833 panetria
739 1791 860 1827 familie,
878 1790 931 1831 qui
947 1795 1016 1820 sunt
1032 1789 1061 1819 in
1078 1799 1203 1819 numero
1219 1788 1391 1829 quindecim
1408 1800 1544 1830 persone,
1566 1790 1701 1830 qualibet

441 1926 565 1955 Summa
580 1924 681 1955 totalis
697 1923 808 1954 mensis
827 1921 959 1963 Augusti
975 1921 1131 1962 hueusque
1147 1921 1189 1961 iijc
1204 1921 1298 1961 xxviij
1315 1921 1337 1950 fi
1352 1921 1413 1962 xvij
1431 1921 1467 1962 {j
1485 1924 1513 1950 d.

1486 1998 1561 2021 Tenet
1582 1989 1658 2018 Α’ὃᾶ.

443 2059 567 2088 Summa
584 2056 731 2086 mensium
747 2056 777 2085 in
794 2054 850 2085 hoc
866 2055 943 2085 libro
959 2052 1017 2095 vjffl
1034 2053 1085 2093 vijc
1101 2052 1162 2094 xxij
1179 2052 1201 2083 ii
1218 2053 1279 2095 xiiij
1297 2058 1308 2083 ἓ
1324 2054 1355 2084 ix
1371 2056 1399 2084 d.

1371 2130 1444 2153 Tenet
1465 2121 1541 2151 ABd.
