1861 2703
221 232 325 268 1526.
781 232 1066 268 APPENDIX.
1614 239 1636 274 9

258 329 325 359 Du:
351 329 531 360 Dommco
554 329 586 359 xi
610 328 778 360 Februarii.
842 330 944 372 Empt’
967 341 1021 372 per
1046 330 1241 361 Willielmum
1268 331 1500 373 Cwnyngharne
1524 333 1635 363 brasia-

216 403 311 426 torem
335 395 376 436 iiij
402 394 501 426 celdre
526 394 567 436 iiij
598 395 679 425 holle
703 394 796 432 ordei,
822 396 903 437 price
920 396 999 427 bolle
1011 396 1052 437 xij
1069 400 1081 425 Ξ
1098 396 1127 437 vj
1143 399 1162 425 d
1187 403 1219 427 ut
1243 408 1344 438 supra,
1368 397 1406 428 de
1432 398 1542 439 quibus
1568 410 1637 439 pro-

215 468 362 492 uenerunt
388 461 419 490 in
449 461 574 491 ceruisia
597 465 626 491 vc
650 461 681 491 xl
704 461 805 503 lagine
830 461 955 492 ccruisie
978 462 1074 493 locate
1100 463 1132 492 in
1158 463 1280 494 cellario
1303 463 1481 494 occidentali
1510 464 1635 495 Menas—

215 526 282 557 terii
300 526 411 557 Sancte
429 527 546 558 Crucis.

256 593 323 623 Dm
343 593 441 623 LUNE
466 593 508 623 xii
538 592 704 624 Februarii.
753 593 855 635 Empt’
874 595 886 634 j
904 595 1031 636 cignus3
1056 595 1105 636 viij
1123 594 1251 636 hogchis
1267 607 1287 625 x
1303 599 1314 624 Ξ
1332 597 1382 637 viij
1399 599 1417 626 d
1432 608 1439 632 ;
1462 596 1503 636 iiij
1521 596 1635 627 fillattis

257 725 324 755 Dm
344 725 476 755 Mnms
493 725 546 755 xiii
565 726 730 757 Februarii.
775 727 895 756 Festum
915 728 1130 766 Carnz’spreuis.

256 792 323 822 Dm
343 792 524 822 MERCURH
542 792 606 822 xiiii
625 792 790 822 Februarii.
835 793 926 822 Ferz'a
940 799 1050 832 quarta
1066 795 1096 822 in
1111 796 1208 833 capite
1226 795 1344 824 Ieium'i.

257 858 323 888 Dm
341 858 522 888 Dommco
539 858 612 888 xviii
630 858 796 888 Februarii.
847 859 1096 897 Quadragyesima.

478 924 603 954 Summa
619 924 720 954 totalis
735 924 845 954 mensis
864 923 1019 954 Februarii
1034 924 1089 965 iiijc
1112 925 1153 966 xij
1170 925 1192 955 li
1209 926 1247 966 vij
1266 930 1277 955 ἐ
1294 926 1324 966 xj
1342 929 1371 956 d.

1442 998 1518 1021 Tenet
1536 995 1612 1024 ABd.

258 1056 324 1086 Dm
340 1056 516 1087 Domxlco
534 1068 597 1087 xxv
616 1056 734 1087 Mcrcii.
778 1057 982 1087 Amzzcnciacio
998 1058 1170 1087 Domz‘niea.
1666 1067 1738 1090 1526.

257 1122 324 1153 Dm
341 1123 435 1153 Jours
452 1123 527 1153 xxix
545 1123 664 1154 Mer-cii.
714 1124 793 1153 Cena
808 1123 946 1153 Domini.

263 1190 330 1220 Dm
345 1190 498 1220 VENmus
514 1200 579 1219 xxx
596 1189 716 1219 Mercii.
762 1190 965 1228 Parcwsaplze.

256 1260 323 1288 Dm
344 1258 468 1287 SABom
486 1256 560 1286 xxxi
577 1255 697 1285 Mercii.
747 1256 858 1294 lss‘yilia
874 1256 1001 1285 Pasclze.

261 1326 383 1355 EODEM
400 1323 479 1353 Dm.
525 1322 678 1352 Dominus
707 1322 784 1358 Rex,
809 1320 893 1350 finito
909 1321 1034 1362 prandio
1049 1322 1129 1362 apud
1150 1322 1342 1364 Ediuburgh,
1367 1324 1516 1364 equitauit
1533 1336 1635 1356 versus

214 1392 345 1432 burgum
362 1390 398 1420 de
418 1388 585 1429 Striueling
600 1388 631 1417 in
647 1399 731 1418 cena.
1666 1394 1803 1423 striueling.

497 1456 623 1484 Summa
639 1453 739 1484 totalis
755 1454 864 1484 mensis
883 1453 991 1483 Mercii
1007 1453 1061 1494 iiijc
1085 1454 1147 1494 xxij
1166 1454 1186 1484 ti
1202 1454 1243 1495 iiij
1261 1459 1272 1484 Ξ
1288 1466 1307 1485 x
1324 1458 1353 1486 d.

1431 1529 1502 1551 Tenet
1522 1524 1599 1553 Abd.

254 1590 322 1618 Dm
339 1588 515 1619 Dommco
532 1587 542 1616 i
561 1586 683 1628 Aprilis.
727 1587 847 1616 Festum
863 1587 990 1616 Pasclze.

255 1655 322 1685 Dm
352 1655 451 1684 LUNE
476 1654 507 1684 ix
533 1653 656 1694 Aprilis.
716 1651 817 1682 Hodie
839 1652 991 1682 Dominus
1019 1651 1086 1681 Rex
1110 1652 1258 1693 equitauit
1283 1653 1320 1683 de
1345 1654 1512 1696 Striueling
1533 1666 1635 1685 versus

217 1720 494 1762 Edinburgh.—-xx
519 1719 621 1760 lagine
647 1719 659 1758 j
687 1724 795 1759 quarta
821 1717 946 1748 ceruisie
971 1718 1097 1748 liberate
1133 1718 1288 1749 Fratribus
1314 1719 1345 1748 in
1372 1719 1538 1751 elemozina
1570 1721 1636 1751 Do-
1664 1725 1811 1755 L'dinburgh-

212 1788 287 1818 mini
302 1787 408 1828 Regis.

255 1854 322 1884 Dm
341 1853 475 1883 Mums
502 1862 523 1881 x
551 1851 674 1893 Aprilis.
719 1851 769 1880 De
785 1850 986 1892 quadraginta
1011 1856 1039 1880 et
1065 1861 1117 1881 sex
1144 1851 1246 1880 mertis
1267 1852 1279 1891 j
1308 1858 1415 1892 quarta
1441 1860 1534 1883 merte
1557 1854 1633 1883 salse

212 1920 393 1951 restantibus
408 1919 488 1960 apud
518 1917 700 1959 Edinburgh
726 1917 822 1959 primo
841 1917 953 1957 Aprilis
979 1917 1086 1958 expen’
1113 1917 1143 1946 in
1171 1917 1322 1947 excercitu
1346 1917 1471 1947 Domini
1491 1919 1586 1960 Regis
1601 1920 1630 1959 iij

212 1992 319 2027 quarte
335 1992 429 2016 merte
445 1985 531 2015 salse.

255 2053 323 2082 Dm
351 2051 533 2082 Mssncmm
562 2050 593 2081 xi
623 2050 746 2092 Aprilis.
809 2049 924 2080 Intrata
949 2049 980 2079 ix
1006 2049 1112 2080 barilia
1137 2049 1264 2080 allecum
1288 2050 1364 2081 asise
1387 2051 1424 2081 de
1450 2051 1542 2082 Leith
1563 2062 1633 2082 con-

211 2119 339 2150 tinentia
351 2117 420 2158 vijffl
431 2116 492 2158 viijc
507 2117 601 2148 alleca
616 2116 782 2147 orientalia.
832 2115 909 2145 Item
924 2115 1035 2146 intrata
1050 2115 1068 2156 ij
1085 2115 1192 2146 barilia
1206 2115 1334 2146 allecum
1347 2116 1423 2147 asise
1433 2117 1470 2147 de
1486 2117 1632 2159 Glasgow

211 2184 396 2215 continentia
408 2183 451 2224 jffl
461 2184 487 2224 j‘
502 2183 534 2213 xl
549 2183 643 2213 alleca
658 2182 736 2213 salsa
750 2181 957 2212 occidentalia.
998 2181 1100 2223 Empt’
1116 2181 1146 2211 in
1164 2181 1288 2218 cancris,
1313 2182 1453 2223 spouttis.

254 2251 321 2281 Dm
339 2250 437 2281 JOU1s
454 2250 495 2280 xii
514 2249 636 2291 Aprilis.
686 2249 788 2290 Empt’
803 2248 844 2290 iiij
863 2247 1010 2290 leporarii.

915 2316 931 2344 b
