1861 2703
117 723 250 752 Linlithqw.

123 1341 268 1371 Edinburgh.

282 227 349 260 118
747 221 907 257 LIBER
934 222 1212 259 DOMICILII
1591 228 1697 260 1528.

281 323 315 368 ijc
332 319 512 368 sperlingis
532 331 543 352 t
562 318 599 352 in
616 318 815 365 pe6’cinibus
834 332 845 353 l
864 318 1087 367 bronoscopis
1117 332 1128 354 l
1157 318 1273 354 herbis
1304 332 1316 354 l
1348 324 1383 354 et
1412 319 1563 354 oleribus
1582 332 1594 354 l
1613 321 1698 367 varij

284 397 387 445 precij
410 410 421 432 l
442 396 586 431 Summa
603 395 615 429 1
633 400 648 430 3
666 395 723 444 viij
743 396 768 432 d
786 409 797 431 s
817 400 852 431 et
869 397 994 443 expen’
1015 410 1026 431 l
1046 396 1104 431 De
1130 397 1331 444 preintratis
1350 410 1362 432 l
1381 399 1505 445 expen’
1523 398 1594 445 xiiij
1614 398 1701 433 libre

284 475 387 522 butirj
412 489 422 509 s
443 479 478 509 et
495 473 539 509 fic
557 474 712 522 restantj
732 479 833 522 petra
849 474 871 522 ij
891 474 979 509 libre
998 475 1117 522 butirj.

761 552 905 587 Summa
922 565 944 587 v
961 552 986 587 fi
1004 553 1073 599 xvij
1094 558 1109 588 3
1127 553 1173 600 iiij
1193 553 1228 588 d.

332 717 481 747 DICTA
505 716 672 746 NOCTE.
711 714 958 745 PANETRIA.
987 708 1105 756 Empt'
1120 708 1213 755 apud
1227 707 1379 755 burgum
1392 708 1434 743 de
1450 708 1641 756 Linlithqw
1653 716 1703 744 v¹¹

285 789 341 836 xvj
362 801 468 836 panes
482 787 623 823 venales
636 787 694 835 xxj
715 792 731 823 3
749 787 794 834 iiij
815 787 839 822 d
857 803 867 821 ι
888 792 923 822 et
942 787 1077 834 expen’.
1128 792 1415 823 BUTELARIA.
1449 786 1566 834 Empt’
1583 787 1702 834 xxxiiij

285 868 401 914 lagine
413 865 554 901 ceruifie
568 865 628 900 xlv
641 870 656 901 3
673 865 719 912 iiij
732 865 756 900 d
769 878 780 899 t
793 870 828 900 et
846 866 982 913 expen’.
1038 871 1274 906 COQUINA.
1316 865 1434 912 Empt’
1446 865 1474 912 jc
1492 864 1557 912 albj
1573 864 1679 912 pisces
1693 879 1704 899 l

286 945 381 992 xxiiij
402 944 582 990 merlingis
600 957 612 978 l
630 944 688 991 viij
708 942 859 978 m‘fische
880 959 889 977 ι·
910 943 958 990 iijc
976 942 1085 977 alleca
1103 942 1143 989 tj
1164 941 1270 977 salmo
1302 956 1313 977 J
1337 945 1351 990 J
1371 943 1495 990 kipper
1514 956 1525 977 s
1545 943 1579 977 ix
1597 943 1678 990 lucij
1694 957 1704 977 t

289 1024 310 1070 ij
331 1035 435 1070 pecce
452 1022 528 1057 salis
549 1035 560 1056 t
580 1022 627 1069 iiij
646 1021 762 1068 lagine
782 1021 797 1068 j
830 1026 954 1067 quarta
970 1021 1042 1068 vinj
1070 1020 1189 1067 claretj
1210 1033 1222 1055 l
1241 1021 1277 1054 in
1295 1020 1412 1055 butiro
1432 1034 1443 1055 s
1463 1020 1560 1056 caseo
1577 1033 1585 1056 Ι
1602 1022 1678 1057 ouis
1695 1035 1703 1056 l

290 1101 401 1148 pomis
420 1114 431 1134 l
451 1105 485 1135 et
502 1100 586 1147 piris
605 1113 616 1133 s
636 1099 720 1146 varij
739 1099 846 1146 precij
867 1112 878 1133 l
899 1098 1043 1133 Summa
1059 1099 1095 1145 iij
1114 1099 1140 1133 ii
1158 1099 1218 1145 xiij
1237 1103 1252 1134 3
1270 1099 1327 1146 viij
1347 1099 1371 1134 d
1390 1111 1398 1134 1
1420 1104 1454 1134 et
1472 1100 1608 1147 expen'.

741 1176 884 1211 Summa
901 1176 958 1223 viij
978 1176 1003 1210 ii
1022 1176 1093 1223 xiiij
1114 1181 1129 1211 3
1146 1176 1192 1223 iiij
1212 1176 1247 1211 d.

338 1340 420 1370 DIE
446 1338 614 1369 SABOTI
641 1332 727 1367 xxix
745 1331 907 1379 Augusti.
960 1337 1216 1369 PANETRIA.
1258 1331 1315 1367 De
1332 1332 1533 1379 preintratis
1552 1348 1563 1365 ι
1583 1333 1706 1379 expen’

286 1414 313 1461 J'C
330 1412 425 1459 lxviij
446 1423 552 1458 panes
570 1411 607 1445 in
626 1410 803 1445 dominico
822 1415 857 1445 et
874 1409 1026 1445 secundo
1046 1424 1058 1445 l
1079 1415 1114 1445 et
1131 1407 1175 1444 fic
1192 1409 1322 1445 restant
1339 1410 1396 1444 xm
1414 1410 1450 1457 ijc
1467 1415 1519 1445 vx'*
1536 1412 1569 1457 vj
1588 1422 1706 1457 panes.

292 1495 580 1527 BUTELARIA.
628 1488 746 1535 Empt'
763 1490 791 1535 jc
809 1488 924 1535 lagine
943 1486 1083 1523 ceruifie
1100 1501 1124 1523 x
1140 1489 1166 1523 fi
1186 1501 1198 1523 l
1217 1488 1260 1523 de
1277 1487 1402 1534 quibus
1427 1488 1552 1535 expen'
1569 1488 1606 1522 in
1624 1500 1709 1522 cena

292 1569 351 1603 xlv
368 1568 483 1614 lagine
497 1567 511 1614 j
532 1571 656 1613 quarta
672 1564 814 1600 eeruifie
834 1578 846 1600 l
867 1570 901 1600 et
914 1563 958 1600 fic
972 1565 1100 1600 restant
1114 1565 1224 1613 lxxiiij
1239 1565 1356 1612 lagine
1371 1565 1404 1612 iij
1418 1570 1540 1612 quarte
1555 1564 1706 1600 ceruifie.

685 1643 729 1651 ο...

292 1723 470 1770 merlingis
490 1736 500 1757 t
520 1722 557 1756 lx
574 1721 681 1769 pisces
699 1721 785 1768 aridJ'
806 1733 818 1755 l
837 1721 872 1768 ijc
890 1720 960 1768 lxvj
981 1720 1130 1755 m⁰fische
1151 1734 1162 1755 l
1182 1721 1218 1754 ix
1236 1720 1315 1767 lucij
1348 1733 1359 1754 s
1388 1720 1422 1753 ix
1450 1720 1527 1754 bras
1547 1733 1558 1754 s
1577 1720 1614 1754 in
1632 1721 1707 1755 fun-

293 1802 380 1836 dolis
399 1814 410 1835 t
430 1799 574 1848 spouttis
594 1813 605 1834 l
624 1798 787 1846 anguillis
806 1812 817 1833 J
836 1798 903 1833 sale
923 1812 934 1833 l
955 1799 1031 1833 ouis
1049 1811 1061 1832 l
1079 1798 1192 1846 pomis
1211 1810 1223 1832 l
1242 1803 1278 1832 et
1307 1797 1403 1832 caseo
1423 1810 1435 1832 s
1457 1798 1541 1845 varij
1569 1799 1675 1845 precij
1697 1813 1707 1832 t

296 2035 352 2081 viij
372 2033 459 2069 libre
476 2033 595 2081 butirj.

761 2110 904 2146 Summa
922 2110 983 2145 xix
998 2110 1025 2146 fi
1042 2110 1087 2158 vij
1108 2114 1123 2146 3
1140 2109 1185 2157 vij
1204 2110 1239 2147 d.

349 2273 431 2303 DIE
455 2272 690 2305 DOMINICO
716 2267 911 2315 penultimo
925 2265 1086 2314 Augusti.
1138 2272 1385 2304 PANETRIA.
1414 2265 1472 2302 De
1485 2266 1708 2314 preintratisz
