1861 2703
271 193 340 261 196
743 221 902 257 LIBER
930 220 1209 256 DOMICILII
1581 221 1684 252 15Q8.

442 481 628 512 AUERIA
660 481 870 512 SUPREMI
899 481 1074 513 DOMINI
1106 483 1276 513 NOSTRI
1305 482 1446 513 REGIS
1476 482 1537 512 DE
1567 481 1688 511 ANNO

443 561 618 591 DOMINI
635 563 688 593 &a
705 562 883 592 XXVIII⁰
909 570 920 591 Ι
946 563 1116 594 JACOBO
1134 563 1339 593 COLUILE
1364 561 1426 593 DE
1446 561 1688 592 VCHILTRE

443 642 773 672 COMPOTORUM
799 643 1126 674 ROTULATORE.

324 791 482 826 DECIMO
508 803 611 827 NONo
645 792 833 828 AUGUSTI.
885 793 1022 841 Expen'
1049 794 1149 841 super
1175 794 1232 828 sex
1259 794 1355 840 equis
1381 793 1515 839 magnis
1544 791 1689 838 Dominj

278 868 387 915 Regis
406 869 667 903 remanentibus
684 870 720 904 in
740 870 949 917 Edinburgh
981 884 992 905 s
1024 884 1044 904 a
1063 871 1158 905 dicto
1185 870 1240 905 die
1272 870 1407 905 decimo
1426 882 1521 904 nono
1542 868 1689 916 Auguflj

273 944 439 980 inclufiue
458 946 561 992 vsque
592 946 790 982 vicefimum
811 948 1023 995 Septembris
1042 947 1214 983 exclufiue
1246 961 1257 982 l
1289 951 1346 995 quj
1368 948 1446 982 sunt
1475 947 1569 993 xxxij
1591 947 1662 981 dies
1679 961 1689 980 s

274 1023 492 1069 capientibus
510 1023 706 1058 mensuram
725 1025 899 1072 duplicem
929 1039 940 1059 l
973 1025 1188 1073 capientibus
1208 1031 1276 1059 tres
1294 1025 1427 1059 firlotas
1445 1036 1635 1058 auenarum
1656 1024 1690 1057 in

276 1099 331 1133 die
350 1113 362 1133 Ι
383 1099 552 1147 Summaj
573 1101 689 1135 celdra
703 1102 760 1149 viij
774 1102 866 1136 bolle
881 1115 1072 1137 auenarum
1090 1116 1101 1136 Ι
1115 1103 1220 1149 empt'
1235 1102 1319 1148 varij
1340 1102 1437 1149 pricij
1456 1115 1467 1135 l
1481 1101 1523 1135 de
1537 1101 1661 1146 quibus
1673 1101 1687 1146 j

277 1176 394 1210 celdra
411 1177 559 1223 pricium
577 1177 670 1212 bolle
688 1178 746 1225 viij
766 1183 781 1213 Ξ
800 1179 845 1225 iiij
865 1179 889 1214 d
908 1193 919 1213 1
947 1185 982 1214 et
1000 1178 1174 1213 reliduum
1191 1179 1355 1213 videlicet
1380 1178 1435 1225 viij
1456 1179 1548 1213 bolle
1567 1190 1693 1212 auena-

275 1266 352 1288 rum
372 1255 517 1300 pricium
537 1255 629 1290 bolle
655 1255 714 1302 xiij
734 1260 748 1290 ἔ
768 1270 779 1290 l
799 1256 943 1291 Summa
972 1258 1089 1292 totalis
1107 1258 1140 1305 xj
1160 1258 1185 1292 fi
1204 1258 1273 1305 xvij
1291 1263 1305 1294 ἔ
1322 1258 1368 1304 iiij
1389 1258 1413 1293 d
1441 1271 1452 1291 l
1482 1257 1572 1292 Item
1591 1256 1692 1291 Iblut’

277 1331 312 1364 in
330 1331 439 1378 gagijs
465 1331 534 1378 fenj
562 1332 663 1366 dietis
682 1334 778 1379 equis
795 1346 858 1380 per
876 1335 1010 1369 dietum
1028 1340 1166 1382 tempus
1196 1348 1207 1369 l
1237 1334 1451 1382 capientibus
1469 1334 1503 1381 iij
1523 1340 1538 1370 ἔ
1556 1335 1590 1369 in
1609 1334 1664 1369 dio
1681 1349 1691 1368 s

277 1408 420 1443 Summa
437 1409 484 1455 iiij
503 1409 526 1443 ii
547 1410 603 1457 xvj
623 1414 638 1444 ἕ
666 1424 677 1444 l
706 1410 797 1445 Item
826 1413 951 1459 expen’
981 1412 1083 1460 super
1112 1412 1188 1459 viij⁰
1219 1413 1315 1458 equis
1332 1412 1525 1447 minoribus
1545 1411 1690 1459 Dominj

279 1485 387 1532 Regis
418 1487 679 1522 remanentibus
706 1488 741 1521 in
770 1488 962 1535 Striueling
990 1502 1002 1524 l
1034 1489 1230 1524 Faulkland
1250 1503 1261 1524 l
1282 1489 1489 1536 Edinburgh
1518 1503 1529 1523 s
1561 1494 1595 1523 et
1613 1489 1692 1523 bur-

276 1575 358 1608 gum
379 1564 421 1597 de
442 1563 548 1598 Perth
565 1578 576 1598 s
592 1577 654 1612 per
670 1565 761 1599 idem
780 1572 917 1613 tempus
935 1567 1132 1613 p1·edi6tum
1149 1578 1161 1601 l
1176 1566 1390 1614 capientibus
1405 1567 1577 1613 duplicem
1597 1579 1692 1601 men-

276 1638 389 1673 suram
410 1654 421 1674 l
441 1642 655 1688 capientibus
669 1655 773 1677 vnam
787 1643 916 1677 hollam
936 1656 1127 1678 auenarum
1156 1657 1167 1678 l
1195 1644 1337 1679 Summa
1355 1644 1376 1691 ij
1393 1644 1508 1679 celdre
1527 1644 1561 1691 iij
1578 1645 1692 1679 firlote

277 1729 468 1752 auenarum
490 1731 501 1753 Ι
520 1720 669 1767 demptis
688 1721 722 1768 iij
743 1721 845 1755 bollis
874 1721 896 1768 ij
929 1721 1052 1756 firlotis
1082 1722 1104 1769 ij
1133 1722 1246 1768 peccis
1273 1734 1464 1756 auenarum
1493 1721 1535 1755 de
1562 1722 1690 1768 pabulo

277 1793 352 1840 iiijor
374 1807 544 1840 equorum
564 1797 710 1845 Dominj
741 1798 848 1845 Regis
875 1799 964 1833 infra
982 1798 1115 1833 diet-um
1142 1804 1280 1846 tempus
1312 1812 1323 1833 s
1354 1806 1388 1833 et
1418 1798 1461 1833 fic
1489 1799 1630 1833 Summa
1648 1799 1690 1833 de

279 1870 400 1918 claroj
417 1872 534 1907 celdra
552 1874 610 1921 xiij
624 1874 717 1909 bolle
735 1875 756 1923 ij
773 1888 876 1922 pecce
891 1888 1082 1910 auenarum
1103 1889 1114 1910 Ι
1133 1877 1280 1923 pricium
1299 1876 1390 1910 bolle
1404 1876 1462 1923 xiij
1479 1881 1494 1911 ’ἑ
1514 1890 1524 1910 Ι
1544 1877 1691 1924 demptis

282 1958 413 1981 nouem
433 1949 548 1984 solidis
577 1951 619 1986 de
648 1951 780 1986 summa
806 1952 904 2000 totalj
936 1952 1018 1999 xviij
1038 1953 1062 1987 ii
1082 1953 1115 1987 ix
1135 1957 1149 1987 ἒ
1167 1952 1200 1999 vj
1219 1952 1243 1988 d
1270 1965 1281 1986 t
1311 1952 1401 1987 Item
1432 1954 1465 1987 in
1494 1954 1603 2001 gagijs
1621 1955 1688 2001 senj

281 2022 384 2057 dietis
410 2027 506 2071 equis
537 2040 599 2074 per
627 2028 719 2063 idem
748 2035 886 2077 tempus
905 2030 938 2077 iij
958 2031 983 2064 ii
1002 2030 1072 2077 xvij
1092 2034 1106 2065 ἔ
1124 2030 1182 2077 viij
1201 2031 1226 2065 d
1253 2044 1264 2064 l
1294 2031 1382 2065 Item
1410 2029 1511 2065 solut'
1540 2032 1576 2065 in
1603 2045 1692 2079 pane

282 2101 410 2145 equino
428 2103 564 2139 duobus
575 2106 672 2151 equis
686 2119 855 2152 equorum
870 2106 1138 2155 prescriptorum
1154 2121 1216 2155 per
1231 2108 1321 2143 iden]
1337 2114 1474 2155 tempus
1487 2109 1544 2156 xxj
1558 2112 1572 2143 ἓ
1590 2110 1668 2157 iiijd
1680 2124 1690 2144 t

283 2176 374 2212 Item
394 2192 458 2226 pro
476 2182 605 2228 papulo
622 2183 671 2230 liij
692 2196 861 2230 equorum
880 2185 1100 2220 familiarium
1131 2185 1276 2232 Dominj
1306 2186 1414 2232 Regis
1433 2188 1690 2222 remanencium

282 2255 317 2288 in
338 2255 529 2304 Striueling
547 2265 581 2293 et
600 2259 807 2307 Edinburgh
826 2275 887 2308 per
907 2263 1038 2297 dicisum
1070 2269 1206 2311 tempus
1224 2263 1259 2296 in
1276 2276 1387 2309 grano
1405 2265 1561 2310 gramine
1579 2265 1659 2310 xxvj
1679 2269 1695 2298 ‘s
