1861 2703
153 285 257 317 1595.
650 279 806 315 REGIS
832 280 1021 316 JACOBI
1049 281 1094 315 V.
1523 287 1571 324 47

150 378 323 424 grenbans
342 390 353 412 s
372 376 470 424 lucijs
489 391 501 411 l
520 377 699 424 merlingis
718 391 729 412 l
748 377 901 412 sundolis
922 390 932 411 t
951 377 1073 412 bukeis
1102 391 1112 411 l
1145 378 1254 426 ostrijs
1286 392 1296 413 t
1330 384 1364 414 et
1392 380 1566 426 cariagios

152 456 234 503 varij
254 456 359 503 precij
388 469 400 490 l
428 455 572 491 Summa
596 456 642 504 iiij
662 456 687 491 ii
705 469 727 490 v
745 460 761 491 ἔ
779 470 790 491 l
810 461 845 491 et
871 457 996 504 expen’
1025 469 1033 492 l
1064 456 1156 492 Item
1187 458 1230 492 de
1261 458 1461 505 preintratis
1482 472 1492 492 s
1512 471 1569 493 ex·

149 535 229 581 pen’
246 534 304 581 viij
323 533 493 569 salmones
511 532 582 568 salfi
602 550 612 568 s
632 534 664 581 vj
684 533 793 581 girlfis
813 548 823 568 s
844 539 878 569 et
896 533 939 569 fic
957 534 1096 570 restant.

699 612 842 647 Summa
862 624 883 647 x
902 613 927 648 ii
945 626 967 647 v
985 618 1010 649 ἔ.

199 777 280 807 DIE
305 776 540 807 DOMINICO
567 769 651 804 xviii
679 768 818 803 Mercii.
874 775 1131 805 PANETRIA.
1176 768 1234 803 De
1261 770 1462 816 preintratis
1482 783 1493 803 s
1513 782 1570 804 ex-

149 850 229 897 pen’
247 849 317 896 xiiij
337 861 444 896 panes
474 848 511 882 in
541 847 717 882 dominico
745 860 756 880 l
785 846 876 881 Item
908 847 951 881 de
977 845 1129 882 secundo
1160 849 1285 894 expen’
1316 848 1352 895 ij⁰
1383 848 1404 895 ij
1434 860 1542 895 panes
1558 862 1567 881 s

152 927 243 962 Item
261 927 385 974 expen’
403 927 439 961 in
456 924 595 973 pastillis
613 925 650 960 xl
667 936 774 972 panes
801 937 813 958 l
841 924 985 959 Summa
1003 923 1234 971 expensarum
1253 925 1288 972 ij⁰
1305 924 1364 972 lvij
1384 937 1491 972 panes
1509 938 1519 958 s
1536 930 1569 958 et

149 1005 193 1039 fic
211 1005 338 1040 restant
354 1004 423 1038 ix<D
441 1004 499 1051 vijc
517 1003 661 1050 lxxxviij
690 1015 806 1050 panes.
861 1009 1155 1040 BUTELARIA.
1201 1003 1338 1050 Expen’
1368 1003 1429 1038 lxv
1455 1003 1570 1050 lagine

146 1086 159 1130 j
179 1089 302 1130 quarta
319 1081 460 1118 ceruifie
480 1095 491 1116 l
511 1087 545 1117 et
562 1081 605 1116 fic
633 1093 721 1128 eque
750 1094 761 1115 l
791 1080 881 1116 Item
914 1082 1020 1129 empt’
1050 1094 1113 1129 per
1142 1080 1373 1116 willielmum
1393 1081 1572 1128 Cwnyng-

150 1164 251 1197 hame
280 1160 502 1196 brafiatorem
520 1160 542 1208 ij
563 1160 679 1195 celdre
707 1160 728 1207 ij
761 1159 854 1194 bolle
883 1159 979 1207 ordej
1009 1160 1104 1207 price
1123 1160 1180 1207 xxj
1200 1161 1226 1195 ii
1244 1173 1266 1195 v
1284 1165 1299 1195 ἕ
1332 1173 1343 1194 l
1373 1160 1416 1194 de
1446 1159 1570 1206 quibus

151 1245 393 1289 prouenerunt
409 1240 447 1274 in
465 1237 606 1274 ceruifia
617 1238 749 1286 ijclxxx
761 1237 876 1284 lagine
891 1237 1032 1273 ceruifie
1046 1252 1057 1272 s
1073 1244 1107 1273 et
1118 1237 1161 1273 fic
1175 1238 1314 1273 restant.
1355 1244 1570 1281 COQUINA·

153 1320 210 1354 De
231 1318 432 1367 preintratis
451 1330 462 1352 ι
482 1318 606 1365 expen’
624 1316 683 1364 vijc
701 1316 811 1351 alleca
827 1315 909 1350 salsa
928 1329 938 1350 t
958 1315 1017 1364 vijc
1034 1316 1222 1363 speldingis
1242 1329 1252 1351 t
1271 1317 1366 1364 xxvij
1386 1316 1572 1351 mulounes

153 1476 222 1523 xj(o
239 1476 288 1523 vjc
305 1476 389 1510 xxix
409 1475 595 1522 speidingis
627 1487 638 1508 l
669 1473 730 1521 iiijc
759 1473 878 1521 lxxxvj
906 1474 1069 1508 mulones
1093 1473 1180 1521 aridj
1210 1487 1221 1508 s
1252 1474 1360 1521 xxviij
1392 1478 1491 1521 petre
1523 1474 1569 1521 iiij

153 1555 239 1589 libre
258 1554 362 1601 butirj
384 1566 395 1588 l
414 1553 522 1588 lxxxx
540 1552 674 1599 rigadia
690 1552 788 1587 arida
806 1565 817 1587 l
839 1551 930 1587 Item
951 1553 1057 1600 empt'
1072 1551 1131 1599 liiij
1147 1552 1309 1587 mulones
1326 1558 1485 1588 recentes
1498 1565 1510 1587 l
1525 1553 1573 1600 iijc

154 1634 188 1668 lx
207 1633 273 1680 albj
295 1632 438 1679 [pisces]
460 1645 467 1667 l
488 1631 522 1679 vj
542 1631 700 1678 peetines
719 1647 729 1664 ι
750 1630 943 1665 turbounes
963 1643 974 1665 l
993 1630 1026 1678 vj
1046 1630 1228 1677 merlingis
1247 1643 1259 1664 l
1277 1630 1299 1678 ij
1319 1631 1416 1665 ronis
1431 1630 1463 1678 sj
1477 1629 1547 1664 sole
1561 1644 1572 1664 l

149 1710 162 1757 j
184 1709 355 1756 rigadium
374 1722 385 1742 s
406 1709 426 1756 ij
446 1708 617 1743 salmones
647 1713 806 1743 recentes
834 1721 845 1742 l
872 1709 894 1756 ij
914 1713 1037 1755 quarte
1064 1707 1167 1756 phocj
1201 1721 1212 1743 t
1241 1709 1278 1743 in
1308 1709 1411 1743 trutis
1437 1713 1574 1744 torren-

154 1788 242 1823 tium
267 1804 276 1821 ι
301 1787 437 1835 perchis
465 1800 476 1821 1
504 1787 637 1822 cancris
664 1801 675 1821 l
703 1787 902 1835 peetinibus
931 1800 943 1821 t
974 1787 1076 1835 lucijs
1107 1800 1118 1822 l
1148 1787 1301 1822 fundolis
1331 1804 1340 1820 t
1372 1787 1573 1834 grenbanss

155 1866 277 1900 bukeis
297 1882 306 1898 ι
328 1865 437 1913 ostrijs
457 1878 468 1899 s
488 1871 523 1900 et
542 1866 692 1912 cariagio
713 1878 724 1900 l
743 1864 828 1912 varij
848 1865 955 1912 precij
984 1881 995 1898 ι
1024 1864 1168 1899 Summa
1184 1864 1230 1911 vij
1249 1864 1275 1900 fi
1292 1864 1338 1912 xij
1359 1871 1374 1900 ἕ
1390 1865 1451 1912 viij
1466 1866 1491 1900 d
1510 1878 1520 1899 s
1541 1872 1574 1900 et

157 1945 280 1991 expen’
300 1961 310 1977 l
332 1943 422 1978 Item
441 1943 484 1978 de
498 1943 699 1990 preintratis
712 1956 724 1978 l
736 1943 794 1991 viij
808 1943 977 1978 salmones
991 1942 1061 1978 falfi
1076 1957 1087 1977 l
1102 1944 1124 1991 ij
1137 1943 1246 1990 girlfis
1266 1960 1275 1977 ι
1296 1949 1331 1978 et
1348 1942 1392 1978 fic
1410 1943 1547 1978 restant.

586 2021 729 2056 Summa
746 2021 852 2068 xxviij
871 2021 896 2056 ii
914 2022 984 2068 xvij
1004 2027 1020 2057 ’s‘
1036 2022 1094 2069 viij
1114 2022 1148 2057 d.

206 2185 288 2215 DIE
314 2184 441 2215 LUNE
467 2178 527 2212 xix
560 2177 697 2212 Mercii.
749 2183 996 2214 PANETRIA.
1038 2177 1095 2212 De
1126 2178 1326 2225 preintratis
1356 2191 1368 2212 t
1396 2180 1520 2226 expen’
1539 2180 1573 2213 in

159 2258 334 2292 dominico
354 2256 386 2303 xj
407 2268 513 2304 panes
541 2269 552 2289 t
580 2256 671 2290 Item
691 2256 733 2290 de
763 2255 916 2291 secundo
929 2256 957 2304 jc
975 2255 1071 2291 lxxix
1090 2269 1198 2304 panes
1225 2270 1235 2291 s
1265 2256 1356 2292 Item
1388 2259 1511 2305 expen'
1539 2259 1575 2292 in

160 2335 300 2382 pastillis
317 2334 388 2382 xxij
408 2347 514 2382 panes
542 2351 551 2367 ι
582 2334 725 2370 Summa
737 2334 764 2382 jc
782 2341 833 2370 v’0‘
852 2335 873 2382 ij
894 2347 1001 2383 panes
1021 2348 1032 2369 l
1052 2339 1087 2370 et
1112 2333 1156 2369 fic
1186 2335 1314 2370 restant
1331 2336 1400 2370 ἧκα)
1419 2342 1452 2370 vc
1472 2342 1521 2371 vx*
1540 2336 1572 2381 vj
