1861 2703
144 327 304 357 Hadingtouu

143 1180 286 1208 Ediubungh.

327 217 373 255 96
796 214 955 249 LIBER
983 213 1259 250 DOMICILII
1646 218 1739 249 1525
1762 241 1770 248 .

378 313 564 347 Vlcsssmo
584 321 725 348 QUINTO
743 311 918 346 AUGUSTI
935 324 945 344 s
962 310 1061 357 Rege
1076 315 1278 345 remanente
1296 310 1331 343 in
1349 309 1584 356 Hadingtoun
1598 323 1609 343 s
1625 313 1749 357 expen’

326 392 426 437 super
443 390 596 436 quinque
608 389 704 434 equis
720 388 864 435 Dominj
887 388 995 434 Regis
1013 402 1023 422 l
1038 389 1113 435 iiijor
1123 388 1218 434 equis
1239 387 1396 434 Magistri
1411 387 1542 434 Stabulj
1566 401 1576 422 Ι
1595 389 1748 434 quinque

327 469 544 503 Seruitorum
566 481 577 500 l
597 467 617 513 ij
641 466 765 513 Patricj
783 465 990 500 Donaldson
1010 479 1020 500 l
1040 465 1149 500 tribus
1163 465 1260 511 equis
1275 465 1402 513 Clericj
1418 465 1673 513 Compotorum
1695 480 1705 500 t
1725 468 1746 513 ij

327 546 508 593 SeuescaHj
533 544 710 591 Domicilij
732 558 743 578 s
763 545 785 590 ij
808 543 954 590 Robertj
976 543 1048 578 Gib
1065 556 1076 577 t
1096 556 1135 577 ac
1154 543 1250 589 equis
1270 543 1538 577 Abbreuiatoris
1556 543 1748 590 Compoto-

327 638 405 660 rum
420 639 430 658 Ι
444 624 544 670 Fabrj
562 637 572 658 l
587 630 620 658 et
634 636 705 657 vno
721 635 810 669 equo
824 622 996 657 Johannis
1005 621 1101 655 Bane
1112 621 1349 668 sumpterman
1365 635 1375 655 l
1387 621 1444 668 quj
1460 620 1584 655 suntin
1597 635 1745 656 numero

327 703 406 749 xxvj
428 705 504 749 eqnj
533 715 540 736 t
571 700 829 735 remanentibus
853 701 887 734 in
909 699 1142 746 Hadingtoun
1167 712 1186 733 a
1210 700 1305 733 dicto
1328 699 1422 744 [die]
1450 699 1615 734 inclufiue
1638 700 1744 746 Vsque

325 780 521 815 riceiimum
542 780 706 814 octauum
727 779 878 813 eiusdem
897 777 1069 812 exclufiue
1082 791 1093 811 l
1106 778 1162 824 quj
1183 777 1261 812 sunt
1280 783 1350 812 tres
1369 777 1440 811 dies
1452 790 1463 811 s
1476 777 1689 824 capientibus
1708 779 1743 811 in

326 860 380 893 die
399 861 434 893 in
454 859 573 893 auenis
593 872 604 892 l
623 858 704 892 feno
724 873 734 890 l
755 863 788 891 et
807 869 896 903 pane
915 857 1042 902 equino
1063 869 1074 889 l
1093 855 1203 890 tribus
1222 856 1318 902 equis
1338 855 1484 902 Dominj
1507 855 1615 901 Regis
1635 869 1645 889 s
1665 869 1710 889 xx
1729 861 1743 889 ἔ

325 938 370 983 iiij
390 938 412 972 d
432 938 467 970 in
485 937 601 970 Ποδῒθ.

781 1013 923 1046 Summa
941 1012 1087 1058 pecunie
1106 1012 1138 1058 iij
1158 1012 1183 1046 ii
1203 1025 1223 1045 x
1243 1012 1276 1046 d.

373 1171 563 1204 Vmesmo
583 1181 731 1204 OCTAUO
753 1169 927 1203 Ausum
948 1185 957 1202 t
980 1168 1080 1215 Rege
1099 1174 1302 1202 remanente
1318 1168 1352 1201 in
1369 1167 1576 1214 Edinburgh
1591 1182 1602 1202 s
1618 1170 1741 1215 expen’

322 1249 422 1295 super
436 1249 588 1294 quinque
603 1247 749 1293 Dominj
766 1246 874 1292 Regis
888 1246 1149 1280 remanentibus
1161 1246 1287 1280 ibidem
1301 1259 1321 1280 a
1333 1246 1427 1280 di6to
1443 1246 1498 1280 die
1513 1246 1677 1281 inclufiue
1692 1247 1740 1280 vs-

317 1340 383 1372 que
395 1328 546 1373 primum
560 1324 772 1372 Septembris
788 1323 960 1359 exclufiue
973 1338 983 1358 s
997 1324 1053 1371 quj
1066 1323 1145 1358 sunt
1156 1324 1231 1370 iiij⁰r
1241 1324 1312 1358 dies
1326 1341 1335 1357 ι
1349 1324 1563 1371 capientibus
1580 1337 1644 1371 pro
1661 1337 1740 1359 aue-

325 1405 397 1438 nist
410 1405 490 1439 feno
507 1417 513 1437 t
528 1411 561 1438 et
580 1416 669 1450 pane
688 1404 815 1448 equino
835 1404 870 1436 in
888 1403 994 1437 nocte
1014 1403 1058 1449 vij
1073 1408 1088 1437 ἔ
1105 1403 1162 1449 viij
1178 1403 1202 1437 d
1215 1416 1225 1436 s
1241 1415 1377 1437 summa
1390 1416 1459 1436 xxx
1475 1408 1490 1438 ἔ
1507 1403 1564 1450 viij
1581 1404 1605 1438 d
1620 1417 1631 1437 s
1648 1403 1738 1437 Item

325 1484 448 1529 expen’
468 1481 568 1529 snper
586 1481 660 1528 iiijor
682 1481 777 1526 equis
797 1480 953 1527 Magistrj
976 1480 1108 1525 Stabulj
1131 1494 1141 1514 l
1161 1481 1315 1526 quinque
1331 1481 1426 1526 equis
1446 1481 1664 1516 Seruitorum
1685 1494 1696 1515 t
1715 1482 1736 1527 ij

324 1560 479 1605 Magistri
502 1560 635 1593 Auerie
656 1572 666 1592 s
686 1558 796 1593 tribus
816 1557 942 1604 Clericj
963 1558 1219 1604 compotorum
1234 1571 1245 1591 s
1259 1558 1278 1604 ij
1300 1559 1396 1604 equis
1409 1559 1592 1606 Senescallj
1615 1559 1736 1594 Domi-

322 1638 387 1683 cilij
405 1654 414 1670 l
436 1638 456 1682 ij
476 1637 622 1683 Robertj
639 1636 710 1671 Gib
726 1653 735 1669 l
752 1649 891 1670 necnon
903 1637 999 1682 equis
1015 1635 1281 1670 Abbreuiatoris
1294 1636 1552 1683 Compotorum
1572 1650 1582 1670 l
1604 1637 1704 1683 Fabrj
1724 1655 1733 1669 l

322 1723 356 1750 et
375 1728 444 1749 vno
464 1727 553 1760 equo
571 1714 743 1750 Johannis
762 1713 858 1748 Bane
877 1713 1111 1761 sumpterman
1132 1727 1143 1747 l
1162 1713 1218 1760 quj
1242 1713 1321 1748 sunt
1338 1714 1373 1747 in
1392 1726 1540 1749 numero
1558 1715 1680 1762 vigintj
1701 1721 1735 1749 et

321 1806 409 1828 vnus
423 1793 499 1839 equj
515 1806 525 1826 s
539 1792 800 1827 remanentibus
813 1793 848 1826 in
856 1792 1062 1838 Edinburgh
1078 1805 1140 1838 per
1152 1792 1285 1826 dictum
1299 1798 1437 1839 tempus
1448 1792 1710 1840 suprascriptum
1722 1807 1732 1826 l

322 1871 477 1917 quolibet
497 1883 618 1905 eorum
638 1882 806 1916 equorum
826 1870 983 1917 capiente
1002 1871 1037 1904 in
1057 1870 1111 1904 die
1130 1869 1187 1904 sex
1206 1870 1367 1905 denarios
1387 1885 1397 1905 s
1418 1871 1560 1905 Summa
1577 1870 1635 1916 xlij
1656 1875 1682 1905 ἕ.

704 1948 851 1983 Summa
868 1948 1016 1994 pecunie
1035 1948 1069 1994 iij
1088 1948 1113 1983 ii
1131 1948 1177 1994 xij
1197 1953 1212 1983 ἓ
1230 1949 1286 1995 viij
1305 1949 1340 1983 d.

372 2105 494 2139 Primo
515 2106 749 2140 SEPTEMBms
778 2119 788 2139 t
819 2105 918 2151 Rege
938 2111 1142 2140 remanente
1160 2107 1197 2139 in
1217 2105 1425 2152 Edinburgh
1454 2119 1464 2140 s
1489 2108 1613 2153 expen'
1632 2107 1732 2153 super

319 2184 470 2227 quinque
491 2182 641 2217 eiusdem
662 2182 921 2217 remanentibus
950 2184 985 2217 in
1018 2183 1226 2229 Edinburgh
1253 2189 1288 2217 et
1320 2183 1487 2218 Dauketh
1515 2196 1535 2217 a
1563 2183 1657 2217 dicto
1677 2183 1730 2217 die

319 2262 432 2307 primo
454 2260 666 2307 Septembris
686 2259 849 2296 inclufiue
867 2260 972 2307 vsque
990 2261 1163 2296 decimum
1183 2261 1349 2295 o&auun1
1370 2261 1519 2296 eiusdem
1534 2260 1703 2295 exclufiue
1718 2274 1728 2293 s
