1861 2703
142 265 245 301 1529.
710 257 994 293 APPENDIX.
1510 261 1556 299 27

180 360 245 389 Dm
262 359 385 388 Sinon
403 368 443 387 xx
463 356 657 388 Nouembris.
706 357 808 398 Empt’
825 357 855 387 in
872 356 1032 387 collatione
1052 356 1171 397 Regisj
1186 357 1293 393 lucius,
1311 357 1340 386 in
1358 356 1433 392 ouis,
1451 356 1558 397 pomis,

137 425 281 461 candelis,
298 430 328 454 et
343 434 441 460 caseo,
459 423 532 454 varii
551 422 686 464 [precii‚]
705 423 766 464 xvij
785 427 807 454 's.

180 491 246 521 Dm
264 488 433 520 Mmoeunn
450 489 537 519 xxiiii
555 488 749 520 Nouembris.
798 489 925 530 Empt'j
943 489 1042 519 turbo.
1059 500 1068 508 ·

182 557 260 587 Item
275 556 362 587 solut’
379 566 432 597 per
450 555 660 586 Rotulatorem
676 555 706 585 in
721 555 821 596 gagiis
836 554 1037 595 quadraginta
1058 561 1089 586 et
1113 566 1165 585 sex
1192 566 1386 596 personarum
1402 566 1558 586 remanen-

137 623 212 653 tium
228 628 314 653 extra
328 621 514 652 domicilium
538 621 665 651 Domini
684 621 780 662 Regis
802 632 856 662 per
882 620 957 651 duos
972 620 1035 651 dies
1051 621 1129 651 inter
1144 621 1276 662 burgum
1291 621 1328 652 de
1348 622 1419 652 Airc
1434 628 1464 652 et
1483 622 1557 652 Lin-

136 688 241 728 lithqw
256 693 326 718 ante
342 688 517 718 vicesimum
535 687 719 718 Nouembris
735 687 920 728 capientium
936 687 964 728 vj
984 687 1006 716 ii
1022 687 1071 727 viij
1090 691 1112 717 ἕ.

180 754 247 785 Dii-2
265 755 400 784 MAR'rls
416 765 479 784 xxx
498 753 692 784 Nouembris.
740 753 843 794 Empt'
860 753 912 795 xiij
930 753 1088 795 capultrie.

1308 895 1379 919 Tenet
1400 888 1478 916 Abd.

177 953 245 983 Dm
264 953 435 983 MERcuRn
451 953 462 982 i
477 951 665 983 Decembris.
714 951 842 982 Familia
856 953 1007 982 remanen’
1024 952 1061 982 ad
1077 952 1194 993 gagius.

179 1020 246 1049 Dm
263 1019 359 1049 Jours
375 1018 396 1048 ii
411 1018 601 1049 Decembris.
649 1017 751 1048 Hodie
778 1017 931 1048 Dominus
951 1018 1021 1048 Rex
1036 1018 1186 1059 equitauit
1201 1019 1238 1049 de
1258 1019 1439 1061 Edinburgh
1456 1031 1558 1050 versus

136 1086 317 1127 Linlithqw.
366 1086 468 1128 Empt'
481 1087 493 1126 j
512 1086 633 1127 qualge.

179 1153 246 1182 Dm
264 1152 394 1182 MARTIS
411 1152 451 1182 vii
469 1152 659 1183 Decembris.

176 1219 244 1248 Dm
265 1218 390 1248 SABOT1
407 1218 439 1248 xi
455 1218 644 1249 Decembris.
693 1218 794 1259 Empt’
811 1217 841 1247 in
857 1217 945 1248 trutis
963 1218 1156 1249 torrentium.

179 1285 244 1314 Dm
262 1285 428 1315 Dommco
443 1285 486 1315 xii
502 1285 693 1316 Decembris.
742 1285 844 1325 Empt’
857 1284 869 1323 j
887 1284 1004 1325 cignus.

179 1352 247 1382 Dm
277 1352 376 1382 me
392 1351 445 1381 xiii
462 1351 651 1381 Decembris.
701 1350 792 1391 Apud
812 1349 980 1391 Striueling
995 1350 1025 1379 in
1041 1350 1182 1380 ‹lisiunio.

181 1418 248 1448 Dm·
268 1417 401 1447 Msxn‘rrs
418 1416 482 1447 xiiii
500 1416 690 1447 Decembris.

180 1482 248 1512 Dm
265 1481 362 1511 Jours
378 1480 431 1510 xvi
446 1480 635 1511 Decembris.

180 1548 247 1577 Dm
267 1547 448 1577 MERCURH
466 1546 529 1576 xxii
547 1546 737 1576 Decembris.
786 1547 888 1588 Empt'
901 1548 926 1588 j⁶
942 1549 1027 1589 xxiiij
1046 1550 1162 1586 alaude,
1180 1551 1208 1590 vj
1226 1551 1375 1581 columbe.

180 1614 248 1643 Dm
265 1613 359 1642 Joors
375 1612 451 1641 xxiii
467 1611 658 1642 Decembris.
706 1611 807 1642 Hodie
835 1613 988 1645 Dominus
1008 1615 1075 1645 Rex
1092 1615 1241 1656 equitauit
1256 1616 1292 1646 <le
1312 1617 1479 1659 Striueling
1496 1630 1560 1649 ver-

138 1691 188 1710 sus
207 1677 390 1720 Edinburgh
405 1678 436 1708 in
452 1689 536 1709 cena.

184 1746 262 1776 Item
278 1745 366 1775 solut'
384 1756 437 1786 per
455 1744 666 1775 Rotulatorem
682 1745 713 1774 in
729 1746 829 1787 gagiis
844 1746 919 1787 xliiij
937 1758 1133 1788 personarum
1158 1750 1380 1780 remanentium
1404 1757 1493 1782 extra
1508 1752 1561 1782 do-

140 1812 285 1842 micilium
302 1811 429 1841 Domini
448 1810 544 1852 Regis
559 1811 638 1841 circa
653 1811 857 1852 prouisionem
875 1811 994 1843 Natalis
1012 1813 1139 1845 Domini
1154 1816 1248 1846 nostri
1271 1827 1289 1846 a
1314 1817 1410 1857 primo
1428 1818 1560 1848 Decem-

140 1944 277 1975 denarios
292 1944 398 1980 indies,
427 1945 552 1974 Summa
567 1943 640 1984 lxvij
658 1943 680 1973 fi
695 1944 727 1973 ix
743 1947 754 1972 ἐ
770 1943 811 1984 iiij
829 1947 858 1973 d.

186 2010 263 2041 Item
279 2010 367 2041 solut'
380 2010 410 2040 in
422 2009 573 2051 gagiisliij
586 2020 780 2051 personarum
792 2011 1013 2042 remanentium
1029 2018 1114 2042 extra
1129 2013 1314 2045 domicilium
1324 2015 1451 2046 Domini
1466 2016 1561 2057 Regi<

141 2088 193 2118 per
209 2076 323 2107 dictum
343 2082 473 2118 tempus,
492 2075 628 2116 qualibet
645 2086 773 2117 persona
788 2076 926 2117 capiente
943 2077 1103 2108 duodecim
1121 2078 1269 2118 denarios,
1288 2092 1418 2112 vnacum
1431 2090 1561 2123 quatuor

140 2142 332 2183 garcionibus
344 2142 532 2184 capientibus
548 2142 599 2183 xvj
616 2143 635 2171 d
650 2142 680 2172 in
691 2141 739 2172 die
752 2153 805 2183 per
817 2142 896 2173 idem
909 2149 1040 2185 tempus,
1069 2144 1196 2177 Summa
1207 2146 1261 2187 lxij
1277 2146 1343 2177 iiix
1355 2152 1365 2177 ἐ
1381 2148 1429 2188 viij
1443 2151 1472 2179 d.

183 2208 249 2238 Dm
271 2209 395 2238 SABOTl
412 2219 475 2238 xxv
491 2208 680 2239 Decembris.
724 2211 845 2241 Festum
860 2211 994 2241 Natalis.

390 2275 514 2306 Summa
530 2276 630 2307 totalis
645 2277 757 2308 mensis
775 2276 953 2307 Decembris
970 2277 1011 2318 vjc
1036 2278 1097 2318 xxij
1114 2278 1137 2308 ti
1153 2290 1173 2309 x
1189 2284 1200 2309 ἒ
1218 2280 1256 2321 vij
1274 2283 1302 2310 d.

1351 2358 1423 2381 Tenet
1445 2351 1468 2379 35..
1474 2353 1521 2380 bri.

1593 362 1730 391 Liniithqw.

1592 491 1738 519 Edinburgh.

1590 1029 1726 1058 Linlithqw.

1589 1159 1725 1189 Striueling.

1592 1425 1694 1455 Giasqw.

1592 1494 1766 1516 Cummernald.

1590 1560 1752 1590 [Striuelingq

1591 1627 1739 1655 Edinburgh.
