1861 2703
279 222 344 252 158
753 216 910 251 LIBER
938 215 1216 252 DOMICILII
1588 221 1692 256 15Q9.

275 315 462 348 lui-<linaria
480 313 522 347 de
541 312 734 359 Striueling
752 312 864 359 xxiiij⁰
885 312 972 360 Maij
993 313 1145 360 expen’j
1166 318 1278 347 merta
1294 312 1376 347 salsa
1404 326 1415 347 s
1451 312 1542 347 Item
1561 313 1694 349 liberat'

278 392 456 427 Fratribus
474 391 507 438 iij
529 396 638 425 merte
657 390 736 424 salse
757 403 768 424 s
788 395 823 424 et
840 389 882 424 fic
901 390 1029 425 restant
1057 391 1102 438 iiij
1130 396 1240 426 merte
1258 399 1277 436 ὲ
1296 397 1419 438 quarta
1446 397 1558 427 merte
1589 392 1668 427 salse
1683 407 1694 427 s

279 472 366 505 Item
388 471 511 517 expen’
530 482 551 504 v
570 475 734 503 mutones
754 468 810 515 iij-32-
829 474 951 514 quarte
970 470 1124 504 mutonis
1149 469 1314 504 restantes
1346 470 1442 504 (1ὶᾶὶο
1470 471 1525 505 die
1559 484 1570 504 l
1601 477 1635 505 et
1653 471 1694 506 fic

278 562 364 595 eque
392 562 403 582 l
433 548 522 582 Item
542 548 648 594 empt’
664 560 735 581 xxx
753 552 915 581 mutones
934 559 945 580 s
963 546 1112 593 pricium
1338 560 1349 580 s
1369 547 1411 581 de
1429 547 1553 593 quibus
1572 550 1695 595 expen’

277 629 322 674 vij
343 633 505 661 mutones
518 626 555 673 j}
574 631 698 671 quarta
716 624 869 659 mutonis
897 637 908 657 s
937 629 971 658 et
988 622 1031 657 fic
1049 623 1176 658 restant
1206 625 1277 671 xxij
1306 630 1468 659 mutones
1499 626 1542 672 ij}E
1574 632 1695 672 quarte

278 707 432 740 mutonis
460 719 471 738 s
502 704 593 739 Item
613 704 719 751 empt'
734 703 755 750 ij
773 703 930 749 earcagia
940 708 1130 737 mertarum
1149 703 1183 749 iij
1198 702 1224 737 ii
1243 715 1265 736 x
1278 706 1293 737 ἔ
1312 715 1323 736 s
1343 707 1377 736 et
1396 704 1518 750 expen’
1537 704 1559 751 ij
1575 711 1696 749 quarte

279 791 389 819 inerte
408 784 558 818 recentis
586 796 597 817 s
623 788 657 818 et
685 781 729 816 fic
755 782 910 829 restantj
931 786 1044 816 merta
1061 782 1082 828 ij
1102 786 1225 827 quarte
1254 794 1264 814 l
1294 780 1386 816 Item
1411 781 1542 828 empt’j
1562 795 1672 828 agnus
1686 796 1696 815 t

278 865 300 909 ij
323 863 401 909 liedj
420 876 430 896 s
443 862 500 908 viij
521 862 640 908 lingue
657 874 668 895 1
683 861 731 908 iiij
745 860 832 895 libre
844 860 918 907 cepj
940 873 951 894 s
971 860 1055 907 varij
1070 859 1176 907 precij
1192 873 1202 893 l
1406 872 1417 893 s
1439 859 1551 906 Itemj
1567 861 1698 895 vitulus

280 953 426 987 magnus
445 941 479 974 ix
494 945 508 974 S
528 954 538 973 s
559 945 593 974 et
611 940 734 986 expen’
763 952 774 972 l
803 939 893 973 Item
913 939 1018 984 empt’
1036 938 1071 985 iij
1087 937 1232 985 porcellj
1247 951 1258 972 s
1274 938 1357 985 lxvij
1373 938 1670 985 pulligallinarum
1686 952 1696 972 s

280 1019 349 1064 xvij
369 1018 485 1065 pultre
506 1031 517 1051 s
537 1018 596 1051 xix
614 1029 764 1064 capones
793 1031 804 1050 s
829 1017 850 1063 ij
868 1028 1017 1063 capones
1042 1029 1053 1050 Ι
1077 1016 1121 1062 vij
1142 1028 1224 1050 aues
1242 1016 1392 1050 morales
1418 1030 1429 1049 l
1452 1017 1537 1063 xviij
1557 1018 1671 1063 pontis
1686 1031 1696 1050 s

281 1097 362 1143 xviij
389 1096 473 1143 pullj
495 1095 737 1130 columbarum
758 1108 769 1129 s
789 1096 825 1128 in
844 1094 953 1128 ordeo
978 1107 989 1127 l
1014 1099 1049 1128 et
1071 1094 1221 1140 cariagio
1247 1106 1257 1127 s
1277 1094 1361 1140 varij
1382 1094 1486 1140 precij
1517 1107 1528 1127 l
1556 1094 1698 1128 Summa

284 1252 389 1299 pen’j
410 1256 509 1298 petra
528 1251 562 1298 iiJ'
582 1251 668 1285 libre
687 1250 791 1297 butirj
823 1263 833 1283 s
861 1254 896 1284 et
913 1248 956 1284 fic
975 1248 1102 1284 restant
1120 1249 1166 1296 iiij
1186 1254 1285 1296 petre
1303 1249 1336 1296 iij
1357 1248 1444 1284 libre
1461 1248 1566 1296 butirj
1588 1263 1599 1283 l
1617 1262 1700 1285 vna-

284 1344 362 1365 ‹eum
382 1330 498 1364 butiro
517 1329 665 1364 restante
685 1328 786 1376 xxiij⁰
808 1328 909 1376 Maij.

741 1408 883 1442 Summa
900 1407 970 1454 xxij
988 1407 1013 1441 ii
1031 1406 1076 1453 vij
1097 1411 1112 1441 ἕ
1128 1406 1185 1453 viij
1206 1406 1240 1440 d.

337 1572 415 1601 DIE
442 1571 608 1600 SABOTI
630 1563 764 1598 decimo
782 1563 880 1598 Julii.
934 1569 1191 1599 PANETRIA.
1232 1562 1289 1597 De
1307 1563 1508 1610 preintratis
1535 1577 1546 1597 s
1578 1565 1701 1610 expen’

291 1645 324 1677 in
343 1643 492 1690 prandio
509 1642 602 1689 apud
621 1641 814 1688 Striueling
832 1641 903 1688 lxxj
918 1654 1025 1689 panes
1045 1655 1056 1675 s
1076 1647 1111 1676 et
1128 1640 1171 1676 fic
1189 1640 1316 1676 restant
1333 1640 1461 1676 ibidem
1481 1642 1561 1689 vij‘D
1578 1648 1611 1677 v‘
1629 1643 1698 1688 xxij

285 1736 402 1770 panos.
456 1727 737 1758 BUTELARIA.
779 1720 915 1767 Expen'
933 1720 1002 1767 xvij
1032 1720 1146 1766 lagine
1176 1719 1209 1766 iij
1242 1724 1364 1766 quarte
1395 1719 1535 1755 ceruilie
1565 1734 1576 1754 s
1607 1726 1640 1755 et
1659 1719 1701 1754 fic

287 1801 412 1835 restant
427 1800 478 1846 jn)
496 1800 579 1833 lxxx
597 1800 713 1846 lagine
732 1799 766 1846 iij
786 1804 908 1844 quarte
927 1796 1067 1832 ceruifie
1086 1803 1120 1832 et
1137 1797 1232 1844 birrj.
1285 1804 1503 1840 COQUINA.
1532 1798 1649 1845 Empt’
1669 1799 1703 1845 ij

285 1879 350 1925 albj
380 1879 485 1925 pisces
505 1892 515 1911 Ι
536 1878 594 1924 xiij
624 1878 793 1912 salmones
813 1890 823 1910 s
843 1876 876 1923 iij
896 1875 1003 1923 girlfis
1023 1890 1033 1910 Ι
1053 1876 1074 1923 ij
1095 1876 1174 1923 lucij
1197 1890 1207 1910 Ι
1225 1877 1263 1910 in
1288 1876 1441 1911 fundolis
1473 1890 1483 1910 s
1515 1889 1619 1924 prans
1639 1890 1649 1911 s
1669 1884 1703 1911 et

290 1957 405 1990 butiro
426 1970 436 1990 s
457 1956 540 2003 variJ'
564 1955 669 2002 precij
700 1968 710 1989 s
740 1955 883 1989 Summa
900 1953 1018 2000 xxxiiij
1035 1958 1050 1988 ἔ
1067 1953 1088 2000 ij
1108 1953 1133 1988 d
1151 1966 1162 1986 s
1182 1958 1217 1987 et
1235 1953 1358 2000 expen’
1381 1966 1392 1987 s
1419 1953 1510 1987 Item
1529 1954 1651 1999 expen’
1670 1955 1701 1999 vj

290 2034 377 2067 libre
396 2034 498 2080 butirj
522 2047 531 2066 s
552 2039 586 2067 et
604 2032 647 2067 fic
665 2031 818 2078 restantj
838 2036 937 2079 petra
954 2030 988 2077 xj
1008 2030 1094 2065 libre
1112 2030 1230 2078 butirj.

340 2193 501 2222 EODEM
527 2192 620 2221 DIE.
675 2185 851 2219 Dominus
871 2185 950 2219 Rex
979 2198 989 2219 l
1017 2185 1116 2220 finito
1135 2185 1283 2232 prandio
1304 2198 1314 2218 l
1334 2185 1502 2231 equitauit
1517 2185 1559 2219 de
1576 2186 1704 2220 Striue-

126 2280 267 2303 rammand-
292 2266 365 2311 ling
383 2264 500 2300 versus
520 2264 715 2298 Faulkland
734 2264 768 2298 in
789 2276 884 2298 cena.
933 2269 1192 2300 PANETRIA.
1221 2262 1349 2310 Empte
1361 2262 1390 2309 j
1407 2275 1513 2310 panes
1539 2263 1701 2298 venalest
