1861 2703
152 242 256 274 1528.
642 234 797 271 REGIS
822 234 1015 271 JACOBI
1042 235 1088 270 V.
1510 239 1580 271 143

198 342 279 372 DIE
305 340 481 371 MARTIS
508 333 593 368 xxiii
614 332 752 367 Mercii.
817 337 1071 368 PANETRIA.
1116 332 1172 366 De
1195 332 1397 379 preintratis
1416 345 1428 366 l
1449 333 1575 378 expen’

143 418 170 461 jc
188 414 283 460 xxiiij
303 425 409 460 panes
428 426 440 447 t
459 418 494 447 et
512 410 554 446 fic
573 411 700 446 restant
711 410 763 458 jffl
782 410 840 457 vij‘
858 410 916 457 xiij
937 422 1043 457 panes
1071 410 1165 457 apud
1192 410 1344 457 burgum
1365 409 1571 456 Linlithqw.
1590 419 1725 450 Linlithqw.

150 497 433 528 BUTELARIA.
475 490 611 537 Expen’
629 491 735 536 xxxvj
756 488 870 535 lagine
889 488 1030 523 ceruifie
1058 502 1069 522 l
1098 488 1190 523 Item
1219 494 1335 535 empte
1355 488 1389 535 lij
1411 488 1527 534 lagine
1549 488 1570 534 ij

148 648 263 694 lagine
282 647 315 694 iij
335 651 459 693 quarte
488 645 640 680 ceruilie.
694 651 908 688 COQUINA.
951 645 1069 693 Empt’
1098 652 1132 680 vc
1162 645 1272 680 alleca
1302 644 1384 679 salsa
1411 644 1573 679 occiden-

149 725 230 760 talia
250 738 261 759 s
281 725 313 771 vj
334 724 494 759 mulones
520 730 678 759 recentes
697 737 708 758 s
729 723 749 770 ij
770 723 850 769 lucij
871 725 986 770 magnj
1009 736 1020 757 t
1040 724 1077 757 in
1095 722 1257 758 musculis
1278 736 1288 757 s
1307 722 1461 757 fundolis
1482 735 1493 756 1
1515 735 1574 756 an-

149 804 266 850 guillis
286 817 296 837 1
317 803 419 838 trutis
436 803 650 837 torrentium
670 815 681 836 s
702 802 819 836 butiro
840 815 852 835 t
872 807 907 835 et
928 801 1074 848 cenapio
1107 814 1118 834 s
1151 801 1234 847 varij
1255 801 1361 847 precij
1392 813 1402 834 l
1431 800 1575 835 Summa

151 882 183 928 iij
203 883 228 917 ti
246 882 316 929 xvij
337 887 352 917 ἔ
371 884 402 929 vj
422 882 446 917 d
465 894 476 915 s
497 887 531 915 et
550 881 685 928 expen'.

639 958 782 992 Summa
800 958 845 1004 vij
864 959 890 991 ii
908 957 953 1005 xij
975 962 989 992 ἒ
1006 970 1029 991 x
1046 957 1079 992 d.

200 1123 282 1153 DIE
307 1122 548 1152 MERCURII
573 1115 670 1150 xxiiii
692 1114 832 1149 Mereii.
888 1120 1139 1150 PANETRIA.
1180 1115 1241 1149 De
1267 1115 1468 1161 preintratis
1488 1127 1499 1148 1
1519 1126 1576 1149 ex-

149 1197 228 1242 pen'
247 1195 304 1242 viij
324 1207 432 1242 panes
449 1194 486 1228 in
505 1193 681 1228 dominico
710 1207 720 1227 s
752 1193 842 1227 Item
861 1192 904 1226 de
923 1192 1074 1227 secundo
1087 1192 1115 1239 j
1134 1193 1241 1240 xxviij
1262 1206 1368 1240 panes
1396 1206 1406 1226 s
1433 1193 1577 1228 Summa

151 1274 378 1322 expensarum
408 1273 436 1320 jc
471 1286 566 1308 xxxv
600 1285 707 1319 panes
743 1285 753 1305 s
790 1277 824 1306 et
859 1271 902 1307 fic
932 1272 1060 1308 restant
1090 1273 1140 1319 j‘D
1174 1279 1207 1307 vc
1250 1273 1411 1321 lxxxxvij
1454 1285 1572 1320 panes.

154 1357 441 1387 BUTELARIA.
482 1351 620 1398 Expen’
649 1351 691 1385 de
723 1349 865 1385 ceruifia
891 1351 1084 1398 preintrata
1114 1354 1221 1399 xxxvj
1252 1352 1368 1398 lagine
1397 1352 1418 1399 ij
1451 1356 1572 1398 quarte

151 1428 292 1465 ceruifie
321 1443 331 1463 l
361 1429 451 1464 Item
471 1435 586 1477 empte
606 1429 649 1463 de
667 1429 779 1476 burgo
798 1429 884 1463 lxxx
910 1429 1026 1476 lagine
1058 1429 1200 1465 ceruifie
1230 1430 1374 1465 taberne
1395 1444 1406 1464 l
1425 1430 1573 1478 pricium

150 1508 207 1556 viij
228 1509 252 1543 fi
272 1521 284 1542 l
303 1513 338 1542 et
356 1507 399 1542 fic
418 1507 544 1542 restant
563 1508 599 1541 in
613 1512 688 1542 toto
706 1508 765 1555 iiijc
779 1508 848 1555 vaj
866 1508 1003 1555 laginej
1019 1514 1143 1554 quarta
1157 1508 1310 1544 ceruifie.
1352 1515 1573 1552 COQUINA.

152 1586 269 1633 Empt'
288 1586 333 1633 vij
354 1586 514 1620 mulones
533 1591 691 1620 recentes
723 1599 735 1620 t
764 1586 860 1633 xxiiij
893 1587 1054 1622 mulones
1080 1586 1152 1621 falfi
1184 1601 1195 1621 l
1227 1588 1324 1635 xxiiij
1345 1587 1412 1635 albj
1441 1586 1573 1634 pisces]

156 1898 322 1934 allecibus
340 1897 544 1933 restantibus
573 1898 666 1945 apud
696 1897 906 1945 Edinburgh
924 1899 1000 1947 xiij⁰
1030 1899 1158 1947 Mereij
1188 1927 1195 1934 .
1225 1926 1232 1934 .
1262 1927 1269 1934 .
1299 1926 1306 1934 .
1335 1906 1369 1934 et
1401 1901 1743 1948 expen’ichdinburgh-

155 1976 238 2023 lxxij
259 1976 369 2011 alleca
386 1974 468 2010 salsa
485 1975 669 2010 orientalia
683 1989 694 2009 l
710 1981 745 2010 et
763 1974 806 2010 fic
829 1975 1053 2024 restantiiij‘o
1071 1978 1131 2024 iiijc
1150 1978 1196 2025 lxj
1211 1978 1319 2013 alleca
1336 1978 1418 2013 salsa
1446 1992 1456 2012 t
1486 1979 1577 2014 Item

159 2132 250 2166 Item
269 2132 311 2166 de
330 2131 531 2179 preintratis
550 2133 674 2179 expen'
692 2132 751 2179 xiij
772 2132 932 2167 mulones
950 2133 1036 2180 aridj
1059 2147 1070 2167 t
1088 2147 1112 2168 x
1128 2133 1237 2181 girlfis
1257 2148 1267 2169 s
1286 2134 1329 2170 fic
1348 2135 1485 2170 restant.

617 2209 760 2244 Summa
778 2211 823 2257 xij
843 2211 867 2245 Ῐί
886 2211 966 2258 xviij
988 2217 1002 2246 ἓ
1020 2211 1064 2259 vij
1084 2212 1118 2247 d.
