1861 2703
321 217 395 250 5200
794 211 952 246 LIBER
980 211 1257 247 DOMICILII
1639 212 1741 243 1528.

324 309 536 346 Nouembris
554 307 720 342 inclufiue
747 309 851 354 Vsque
878 316 949 342 xvm
975 308 1126 343 eiusdem
1158 306 1329 342 exclufiue
1360 320 1370 340 s
1405 307 1462 354 qnj
1489 305 1567 341 sunt
1586 306 1618 353 xj
1640 307 1712 341 dies
1729 320 1739 340 l

323 387 539 435 capientibus
551 385 746 420 mensuram
761 385 936 433 duplicem
946 398 957 419 1
969 385 1183 432 capientibus
1196 385 1216 431 ij
1232 384 1340 418 bollas
1352 384 1373 430 ij
1389 396 1509 431 peccas
1521 396 1712 418 auenarum
1725 397 1736 418 t

324 464 493 511 Summaj
514 464 632 499 celdra
650 464 694 510 vij
714 462 833 508 bollej
848 462 966 496 firlota
982 461 1003 508 ij
1020 474 1123 508 pecce
1135 474 1328 495 auenarum
1347 475 1357 495 s
1373 461 1520 508 pricium
1541 461 1632 495 bolle
1652 462 1685 494 ix
1700 465 1715 495 ἔ
1728 474 1738 494 s

324 543 467 578 Summa
483 555 506 576 x
523 541 548 576 ii
567 554 589 574 x
607 545 622 575 's‘
640 540 697 587 viij
717 540 741 575 d
769 553 780 574 l
809 540 902 573 Item
921 539 1022 573 solut’
1042 539 1076 573 in
1095 539 1204 585 gagijs
1224 539 1326 573 dietis
1344 539 1440 584 equis
1467 551 1528 585 per
1545 539 1638 573 idem
1657 545 1742 572 tem-⁷

323 633 388 667 pus
405 621 439 666 iij
458 621 483 655 ii
502 619 522 666 ij
543 623 558 653 ἓ
576 618 622 664 iiij
643 618 667 653 d
694 630 705 651 s
735 617 827 651 Item
845 617 947 663 super
964 627 1037 650 vno
1064 628 1153 661 equo
1185 615 1330 661 Dominj
1363 615 1469 661 Regis
1499 616 1629 650 donato
1651 616 1742 650 Wal-

325 705 400 733 tero
421 696 597 742 Melwing
614 694 806 729 mariscallo
825 699 1029 728 remanente
1056 694 1092 727 in
1120 693 1329 739 Edinburgh
1347 705 1409 739 per
1428 695 1460 739 vj
1480 693 1552 727 dies
1571 694 1659 727 insi-a
1678 695 1743 728 hoc

325 776 541 822 Compotum
562 788 572 808 Ι
593 774 752 821 capiente
770 773 803 820 iij
824 773 956 807 firlotas
974 784 1166 806 auenarum
1187 784 1198 805 s
1217 771 1366 818 pricium
1386 771 1418 818 vj
1438 775 1453 805 ἒ
1471 772 1505 806 ix
1522 772 1546 807 d
1567 786 1574 807 t
1597 773 1686 807 Item
1707 774 1742 806 in

324 855 434 901 gagijs
463 854 533 900 fenj
554 853 574 900 ij
596 857 610 887 ἔ
637 865 648 886 l
677 852 767 886 Item
794 851 896 886 solut’
925 851 960 884 in
991 850 1095 884 feodo
1115 850 1339 886 Stabulornm
1370 851 1406 884 in
1437 850 1549 896 burgo
1573 864 1743 897 equorum

326 933 473 979 Dominj
496 932 604 978 Regis
621 931 678 977 xvj
698 933 739 977 §j
759 931 783 965 d
812 943 819 965 t
850 929 896 964 Et
915 930 1015 976 super
1042 929 1074 976 vj
1105 930 1201 975 equis
1233 929 1368 975 magnis
1396 928 1540 975 Dominj
1562 930 1672 975 Regis
1692 943 1743 964 re-

325 1010 545 1046 manentibus
564 1010 599 1043 in
619 1008 812 1054 Striueling
839 1021 859 1042 a
885 1008 997 1054 primo
1026 1007 1239 1042 Nouembris
1259 1006 1424 1042 incluliue
1445 1007 1547 1053 vsque
1566 1016 1636 1042 xvm
1658 1009 1743 1042 eius-

326 1089 405 1123 dem
423 1085 596 1122 exelufiue
615 1099 627 1121 l
646 1086 703 1133 quj
723 1086 801 1120 sunt
819 1085 890 1132 xiiij
908 1086 980 1119 dies
993 1098 1004 1120 s
1020 1085 1235 1132 capientibus
1251 1085 1446 1119 mensuram
1466 1086 1639 1132 duplicem
1660 1100 1671 1120 l
1692 1100 1745 1120 ca-

325 1165 499 1213 pientibus
517 1177 539 1198 x
559 1164 668 1198 bollas
696 1163 717 1210 ij
750 1163 883 1197 firlotas
913 1175 1106 1197 auenarum
1137 1175 1148 1197 l
1176 1162 1324 1209 pricium
1344 1162 1437 1196 bolle
1455 1163 1499 1210 vij
1520 1167 1535 1197 ἔ
1562 1177 1572 1197 l
1602 1164 1746 1198 Summa

326 1245 358 1291 iij
379 1245 402 1279 ii
422 1244 480 1290 xiij
501 1248 515 1278 S
533 1245 565 1290 vj
585 1242 609 1277 d
636 1255 647 1276 s
676 1243 768 1276 Item
788 1242 823 1275 in
842 1241 952 1288 gagijS
970 1240 1038 1287 fenj
1071 1241 1173 1275 diffis
1204 1253 1266 1287 per
1296 1241 1386 1274 idem
1418 1246 1554 1287 tempus
1572 1243 1678 1289 xxviij
1702 1248 1742 1277 ἐκ

330 1323 422 1357 Item
445 1321 547 1355 solut’
566 1321 602 1354 in
619 1320 730 1367 gagijs
749 1319 899 1354 duorum
918 1318 1134 1353 verletorum
1156 1317 1313 1365 Magistrj
1341 1319 1458 1353 auerie
1483 1321 1742 1355 remanencium

326 1478 453 1524 equino
473 1476 608 1511 duobus
626 1476 722 1522 equis
742 1476 887 1524 Dominj
910 1476 1018 1522 Regis
1049 1489 1111 1523 per
1131 1476 1223 1509 idem
1243 1481 1379 1522 tempus
1397 1476 1442 1522 vij
1462 1480 1477 1510 ἔ
1495 1476 1540 1522 iiij
1560 1476 1583 1510 d
1611 1490 1621 1509 s
1652 1477 1741 1511 Item

325 1557 448 1602 expen'
466 1555 567 1602 super
586 1554 660 1601 iiijor
682 1555 778 1600 equis
798 1554 954 1600 Magistrj
981 1553 1113 1600 Stabnlj
1137 1566 1143 1587 1
1165 1553 1222 1599 viij
1244 1553 1502 1600 Compotornm
1525 1567 1536 1587 l
1555 1554 1589 1599 iij
1613 1555 1739 1601 Clericj

326 1633 580 1680 Compotorum
627 1645 638 1666 s
679 1633 833 1677 quinque
874 1631 1152 1666 Senel'callomm
1196 1631 1306 1677 Regis
1348 1638 1382 1666 et
1427 1632 1606 1679 Domicilij
1651 1646 1661 1667 l
1705 1633 1738 1679 iij

322 1711 494 1746 Johannis
525 1710 709 1757 Campbell
737 1710 855 1743 militis
886 1723 897 1743 s
926 1709 946 1756 ij
977 1709 1155 1755 Willielmj
1178 1708 1269 1742 Wod
1301 1722 1312 1742 s
1343 1709 1365 1755 ij
1398 1709 1516 1743 Dauid
1549 1709 1640 1744 wod
1673 1725 1683 1744 s
1715 1712 1736 1757 ij

324 1788 470 1835 Henricj
494 1787 625 1834 Kempt
645 1801 656 1822 s
676 1787 696 1834 ij
722 1787 904 1834 Archicocj
928 1800 938 1821 s
959 1800 1096 1821 necnon
1121 1788 1217 1832 equis
1238 1787 1410 1822 Johannis
1439 1787 1586 1834 Murray
1608 1802 1618 1822 Ι
1640 1788 1737 1835 Paulj

321 1867 493 1901 Galbrath
513 1879 524 1900 l
547 1865 702 1913 Magistrj
719 1866 840 1913 Jacobj
860 1865 1013 1901 Haswell
1036 1879 1043 1901 Ι
1064 1866 1237 1901 Johannis
1254 1865 1408 1900 M⁶crere
1428 1879 1439 1899 s
1462 1865 1618 1913 Magistrj
1638 1867 1738 1901 Dun-

320 1947 394 1990 canj
416 1945 531 1991 Omay
550 1957 562 1978 l
579 1943 758 1990 Willielmj
776 1943 870 1979 Bard
890 1957 902 1978 l
920 1943 1041 1991 Jacobj
1061 1943 1152 1978 Wod
1172 1957 1183 1977 l
1204 1943 1324 1977 Dauid
1338 1944 1543 1978 Crechtoun
1562 1944 1597 1977 in
1616 1945 1739 1990 garde·

319 2022 402 2056 roba
422 2035 432 2055 s
453 2021 630 2068 Williehnj
652 2022 825 2056 Galbrath
845 2021 1098 2056 abbreuiutoris
1117 2022 1375 2068 Compotorum
1396 2035 1407 2056 s
1427 2028 1461 2056 et
1488 2022 1623 2056 duobus
1641 2025 1737 2069 equis

317 2112 381 2146 pro
396 2099 532 2133 botellis
547 2106 581 2133 et
595 2099 720 2134 balistis
733 2099 989 2146 gestandistquj
1008 2099 1086 2133 sunt
1101 2100 1135 2133 in
1152 2112 1299 2133 numero
1314 2100 1384 2147 xliij
1402 2102 1479 2146 equj
1498 2113 1508 2133 s
1524 2101 1738 2146 capientibus

318 2180 352 2213 in
370 2190 480 2224 grano
494 2178 652 2223 gramine
670 2190 732 2224 per
752 2178 886 2212 dictum
905 2184 1042 2223 tempus
1060 2177 1131 2223 xliij
1152 2182 1167 2212 Ξ
1185 2177 1220 2210 in
1240 2177 1294 2211 die
1324 2191 1334 2211 l
1363 2179 1505 2212 Summa
1523 2191 1592 2211 xxx
1611 2178 1633 2212 ii
1654 2179 1673 2224 ij
1694 2183 1719 2212 Ξ.

771 2255 917 2289 Summa
935 2255 1083 2301 pecunie
1103 2255 1124 2302 lj
1143 2256 1167 2289 ’si
1188 2256 1233 2303 xij
1250 2259 1274 2289 Ξ.
