1861 2703
269 256 335 287 138
742 250 901 285 LIBER
928 249 1207 285 DOMICILII
1577 254 1682 286 15QS.

316 355 397 385 DIE
422 353 621 383 VENERIS
651 346 774 392 quinto
805 346 996 381 Februarii.
1059 352 1312 382 PANETRIA.
1357 345 1475 393 Empt’
1510 347 1547 393 iJ'c
1578 359 1685 393 panes

268 427 406 461 venales
426 439 436 459 1
455 425 603 473 pricium
620 425 680 459 xlv
698 429 713 459 ἔ
732 438 742 459 1
763 425 805 458 de
823 425 946 470 quibus
964 425 1089 471 expen’
1113 424 1141 471 jc
1169 424 1254 471 xxiij
1273 436 1380 472 panes
1407 438 1418 459 1
1446 430 1480 459 et
1496 423 1540 459 fic
1558 424 1684 459 restant

270 504 424 551 lxxxxvij
444 516 560 551 panes.
616 508 907 539 BUTELARIA.
948 502 1065 549 Empt’
1078 502 1107 549 jc
1124 502 1241 548 lagine
1272 502 1412 537 ceruifie
1430 503 1487 550 viij
1507 503 1532 538 fi
1552 516 1562 537 1
1582 508 1616 537 et
1636 504 1685 536 in-

122 597 145 613 bt
177 600 181 612 ι
207 598 253 619 mg·
270 588 408 617 trantur
433 582 517 628 lxiiij
547 581 662 627 lagine
692 581 727 627 iij
747 586 869 626 quarte
897 579 1038 614 ceruifie
1068 580 1234 614 restantes
1263 581 1356 627 apud
1388 581 1580 627 Striueling
1601 581 1683 627 xviij

120 1535 234 1552 ⁴241<le-

121 1574 262 1592 PREUxUM.

270 660 428 696 Januarii
449 672 458 693 1
479 659 521 693 de
539 658 663 705 quibus
681 658 805 705 expen’
823 669 919 692 xxxv
938 657 1053 703 lagine
1066 656 1100 703 iij
1115 662 1238 703 quarte
1257 656 1397 691 ceruifie
1418 670 1429 691 1
1448 663 1483 692 et
1500 656 1543 692 fic
1557 658 1683 692 restant

272 741 306 773 in
325 744 400 773 toto
413 740 440 785 jc
459 738 545 772 xxix
563 737 678 783 lagine
697 735 849 771 ceruifie.
904 741 1119 778 COQUINA.
1161 735 1278 782 Empt'
1304 735 1354 782 ᾖα)
1384 735 1420 769 lx
1439 735 1548 770 alleca
1577 735 1658 770 salsa
1673 749 1683 768 1

272 818 358 851 lxxx
375 816 485 850 alleca
502 815 610 850 rubea
629 828 639 849 1
659 815 717 862 xiiJ¹
737 814 906 849 salmones
923 818 1081 849 recentes
1100 826 1112 847 1
1131 813 1167 847 lx
1185 813 1251 860 albj
1271 812 1379 860 pisces
1408 827 1420 847 1
1444 813 1458 861 J
1479 813 1602 860 kipper
1621 827 1633 848 1
1652 814 1687 847 in

271 894 423 929 fundolis
443 908 454 928 1
473 906 576 941 prans
596 907 607 927 1
626 893 735 940 ostrijs
755 907 766 928 1
785 892 946 927 musculis
965 905 977 927 1
995 892 1096 939 lueiJ's
1115 909 1125 925 1
1145 892 1211 926 sale
1232 905 1243 926 1
1263 891 1359 926 caseo
1385 905 1396 926 1
1422 898 1457 926 et
1475 893 1550 927 ouis
1570 906 1581 926 1
1600 893 1686 939 varij

272 972 377 1019 preeij
406 985 418 1005 1
446 971 589 1007 Summa
608 973 639 1019 vj
657 972 683 1007 ii
701 971 770 1018 xvij
790 976 805 1006 ἕ
821 972 854 1017 vj
873 970 897 1005 d
916 983 927 1004 1
947 975 982 1005 et
999 971 1123 1017 expen’
1143 983 1154 1004 1
1175 969 1266 1004 Item
1285 970 1328 1005 de
1347 971 1393 1017 vij
1412 971 1519 1017 petris
1537 971 1573 1005 ix
1591 970 1687 1004 libris

275 1050 375 1096 butirj
390 1049 593 1084 restantibus
604 1049 691 1096 xvij⁰
703 1048 862 1085 ¹Ianuarii
877 1048 1022 1095 expen'j
1039 1048 1157 1096 petraj
1174 1048 1262 1083 libra
1273 1048 1378 1095 butirj
1396 1062 1406 1083 1
1424 1049 1515 1083 Item
1528 1049 1686 1095 empt'iiij

271 1134 369 1174 petre
383 1128 486 1175 butirj
504 1127 609 1174 xxxvj
626 1131 640 1161 Ξ
654 1140 665 1161 1
685 1133 719 1161 et
732 1126 774 1161 fic
788 1126 914 1161 restant
928 1127 964 1160 in
977 1132 1053 1161 toto
1068 1140 1090 1160 x
1104 1132 1202 1173 petre
1216 1127 1273 1174 viij
1290 1127 1376 1161 libre
1390 1127 1494 1174 butirj
1513 1140 1523 1161 1
1541 1127 1631 1161 Item
1647 1127 1689 1160 de

272 1206 472 1252 preintratis
491 1206 615 1252 expen'
627 1205 671 1252 vij
687 1203 795 1252 girlfis
815 1218 826 1239 1
846 1210 880 1239 et
898 1203 940 1239 fic
954 1204 1081 1239 restant
1094 1204 1151 1251 viij
1168 1203 1275 1250 girlfis
1295 1217 1307 1238 1
1328 1204 1419 1239 Item
1434 1205 1476 1239 de
1491 1205 1690 1252 preintratis

274 1286 397 1331 expen’
415 1284 448 1330 iij
469 1284 629 1319 mulones
647 1283 732 1331 aridj
754 1296 765 1317 1
785 1288 819 1318 et
835 1282 879 1317 fic
897 1282 1021 1317 restant
1039 1289 1072 1317 vc
1090 1282 1149 1329 lvij
1170 1282 1330 1317 mulones
1347 1283 1432 1329 aridJ'
1452 1296 1459 1318 1
1545 1281 1664 1329 girlfis.

719 1362 862 1397 Summa
880 1361 960 1409 xviij
980 1361 1005 1396 ii
1023 1361 1105 1408 xviij
1126 1365 1141 1395 ἔ
1157 1360 1190 1407 vj
1210 1361 1243 1395 d.

327 1525 410 1555 DIE
434 1525 615 1555 MARTIS
634 1519 670 1552 ix
688 1500 880 1553 Febniarii.
932 1523 1188 1553 PANETRIA.
1228 1516 1345 1564 Empt'
1371 1517 1406 1564 ijc
1431 1530 1538 1564 panes
1554 1518 1566 1552 1
1584 1523 1599 1553 ς
1618 1531 1629 1551 s
1649 1518 1691 1552 de

278 1597 401 1642 quibus
420 1598 544 1643 expen'
563 1602 596 1631 νς
613 1603 663 1631 vxx
682 1610 705 1630 x
722 1609 828 1643 panes
848 1610 858 1630 1
879 1601 913 1630 et
930 1594 973 1630 fic
991 1595 1118 1630 reflant
1135 1595 1219 1642 xliiij
1239 1608 1357 1642 panes·
1410 1602 1691 1632 BUTELARIA.

280 1674 415 1721 Expen'
434 1674 492 1721 lviJ'
512 1675 626 1721 lagine
645 1675 667 1721 ij
687 1679 809 1720 quarte
824 1672 964 1708 eeruifie
984 1686 995 1706 1
1016 1673 1106 1707 Item
1122 1673 1227 1719 empt'
1240 1672 1268 1719 jc
1283 1673 1398 1719 lagine
1413 1673 1552 1708 ceruifie
1566 1674 1623 1721 viij
1639 1675 1663 1709 ii
1680 1688 1690 1708 1

279 1758 312 1786 et
331 1751 374 1786 fic
392 1751 520 1786 restant
532 1752 559 1799 jc
578 1751 624 1798 lvj
644 1751 759 1797 lagine
776 1751 811 1797 iij
832 1755 954 1796 quarte
973 1749 1124 1784 ceruifie.
1177 1757 1397 1793 COQUINA.
1439 1751 1496 1786 De
1523 1752 1693 1799 preintra-

280 1830 322 1863 tis
342 1843 353 1863 1
373 1830 497 1876 expen'
516 1829 537 1875 ij
557 1834 679 1874 quarte
697 1833 809 1862 merte
826 1827 917 1875 paste
938 1841 949 1862 1
969 1833 1003 1862 et
1019 1827 1062 1862 fic
1080 1827 1207 1863 restant
1228 1828 1243 1875 j
1272 1834 1395 1875 quarta
1413 1834 1523 1864 merte
1540 1829 1631 1876 paste
1650 1830 1694 1864 ad

280 1907 543 1954 expendendam
574 1920 584 1941 1
615 1906 705 1940 Item
725 1907 849 1953 expen'
867 1919 889 1941 v
907 1912 1017 1941 merte
1045 1920 1056 1941 1
1085 1906 1177 1942 Item
1205 1908 1311 1955 empt’
1336 1910 1350 1955 j
1383 1913 1495 1943 merta
1521 1908 1542 1954 ij
1572 1915 1694 1954 quarte

278 1985 311 2030 iij
333 1986 357 2019 ii
377 1998 388 2019 1
408 1990 441 2019 et
460 1984 502 2019 fic
520 1984 647 2019 restant
664 1984 701 2018 in
718 1984 906 2018 lardinaria
924 1984 966 2018 de
985 1983 1177 2030 Striueling
1207 1984 1255 2018 lix
1273 1990 1384 2019 merte
1402 1984 1423 2031 ij
1443 1989 1566 2031 quarte
1584 1991 1694 2020 merte

284 2062 362 2097 salse
391 2076 402 2096 1
431 2063 523 2097 Item
550 2063 656 2110 empt'
682 2062 702 2109 iJ'
733 2062 832 2109 vitulj
867 2075 878 2096 1
905 2062 941 2109 iij
972 2061 1052 2108 agnj
1082 2075 1093 2096 1
1119 2062 1217 2109 xxxij
1237 2067 1252 2097 ἔ
1281 2075 1293 2096 1
1319 2065 1334 2110 J'
1363 2075 1490 2110 porcus
1519 2063 1541 2110 ij
1573 2069 1695 2109 quarte

285 2138 391 2185 xxviij
411 2142 425 2172 ἒ
446 2152 456 2173 1
477 2152 497 2173 ν
516 2144 677 2173 mutones
695 2139 801 2186 xxxiij
821 2144 836 2174 ἔ
855 2153 866 2174 1
885 2139 907 2186 ij
927 2139 1046 2186 lingue
1076 2152 1087 2173 1
1117 2140 1138 2186 iJ'
1158 2139 1245 2174 libre
1263 2140 1336 2187 cepj
1358 2153 1369 2174 1
1388 2141 1410 2187 ij
1431 2145 1446 2175 ἔ
1464 2153 1476 2174 1
1495 2145 1530 2175 et
1548 2142 1671 2187 expen’
1684 2154 1695 2173 1

284 2215 375 2249 Item
395 2215 500 2261 empt’
518 2215 601 2262 lxxij
622 2227 772 2262 capones
791 2228 803 2250 1
822 2228 843 2250 v
862 2228 947 2251 auce
969 2216 1153 2252 domestice
1174 2231 1184 2251 1
1206 2217 1248 2264 vij
1269 2231 1418 2265 capones
1434 2218 1516 2265 pastj
1538 2231 1549 2252 1
1568 2218 1603 2252 ix
1623 2218 1696 2265 pul-

286 2293 520 2339 ligallinarum
542 2306 553 2326 1
573 2293 668 2340 xxiiij
689 2293 805 2341 pultre
826 2307 837 2328 1
856 2296 913 2341 xvj
932 2295 1063 2341 galline
1093 2294 1276 2330 domestice
1305 2309 1318 2330 1
1345 2296 1417 2343 xiiij
1449 2295 1599 2342 cuniculj
1622 2308 1629 2330 1
1650 2295 1694 2340 viJ‘
