1861 2703
560 616 760 660 LIBER
797 616 1147 660 DOMICILII

414 805 631 849 REGIS
681 805 950 848 JACOBI
1004 806 1287 854 QUINTI.

195 1047 276 1078 DIE
294 1046 532 1077 MERCURII
552 1041 687 1075 decimo
699 1052 795 1075 nono
804 1041 954 1088 Augusti
968 1054 979 1075 s
997 1041 1104 1076 Anno
1114 1041 1259 1090 Dominj
1273 1043 1451 1078 millelimo
1465 1044 1564 1090 quin-

147 1118 503 1166 gentefimovieefimo
518 1119 646 1154 ofitauo
659 1119 858 1154 inchoando
870 1120 961 1167 apud
972 1120 1166 1167 Striueling
1181 1134 1192 1155 s
1203 1121 1302 1168 Rege
1316 1128 1518 1157 remanente
1531 1123 1566 1156 in

148 1197 349 1233 Camesmor
361 1198 405 1232 ad
416 1198 631 1233 venationes.
677 1203 926 1234 PANETRIA.
958 1198 1016 1233 De
1030 1199 1100 1246 xj(D
1112 1199 1170 1246 vij⁰
1184 1199 1268 1247 xliiij
1285 1200 1432 1247 panibus
1443 1201 1568 1235 restan-
1583 1213 1725 1236 carnosum.

147 1273 239 1308 tibus
252 1274 289 1308 in
304 1274 396 1309 dieta
412 1274 624 1321 precedente
642 1275 679 1309 in
697 1273 793 1307 libris
811 1275 1035 1321 antiquorum
1055 1280 1178 1323 expen’
1196 1277 1301 1324 xxviij
1318 1291 1424 1324 panes
1444 1292 1456 1312 t
1479 1279 1568 1313 Item

150 1349 244 1386 miffe
256 1350 374 1385 versus
382 1350 626 1386 Cammismoir
637 1351 681 1385 ad
692 1351 897 1385 venationes
912 1351 971 1398 iiijc
984 1351 1091 1385 lxxxv
1103 1364 1209 1398 panes
1225 1365 1235 1386 l
1253 1352 1396 1387 Summa
1407 1355 1570 1400 expensa-

148 1441 226 1462 rum
242 1428 302 1475 iiijc
315 1434 365 1463 vxx
380 1429 438 1475 xiij
455 1441 561 1476 panes
577 1442 588 1462 s
607 1433 641 1463 et
655 1427 698 1463 fic
712 1428 841 1464 restant
855 1428 925 1475 cho
941 1428 976 1475 ijc
990 1429 1013 1476 lj
1029 1442 1147 1476 panes.
1200 1436 1481 1468 BUTELARIA.
1510 1432 1568 1466 De

150 1506 269 1553 lxxxiij
290 1506 414 1552 laginis
428 1506 461 1553 iij
477 1506 608 1552 quartis
623 1505 764 1541 ceruifie
785 1519 796 1540 1
813 1507 936 1552 expen’
956 1506 1000 1553 vij
1021 1506 1136 1553 lagine
1155 1507 1296 1542 ceruifie
1325 1522 1335 1542 s
1366 1508 1457 1543 Item
1477 1511 1570 1543 inifi'e

150 1583 266 1618 versus
296 1584 407 1619 dietas
432 1585 637 1619 venationes
664 1584 710 1630 lvj
738 1583 854 1630 lagine
882 1583 1023 1619 ceruifie
1051 1585 1086 1618 in
1114 1585 1146 1620 le
1176 1585 1402 1620 Roubbouris
1430 1600 1441 1620 s
1470 1593 1503 1621 et
1530 1586 1571 1621 fic

151 1661 277 1696 restant
291 1675 338 1696 xx
352 1661 467 1708 lagine
486 1662 519 1709 iij
540 1667 663 1708 quarte
683 1660 824 1696 ceruifie
853 1674 864 1695 l
894 1661 985 1696 Item
1005 1663 1111 1709 empt‘
1126 1662 1171 1709 lvj
1188 1663 1303 1709 lagine
1319 1664 1458 1698 ceruifie
1473 1666 1569 1712 pricij

150 1740 234 1787 varij
266 1754 276 1774 s
304 1740 448 1775 Summa
464 1754 486 1775 v
503 1741 528 1775 fi
547 1741 603 1788 xvj
625 1741 649 1776 d
668 1754 679 1775 l
699 1745 734 1775 et
751 1739 795 1775 fic
812 1739 940 1774 restant
966 1740 1002 1774 in
1028 1746 1105 1775 toto
1131 1741 1227 1788 lxxvj
1257 1742 1371 1788 lagine
1396 1743 1428 1789 iij
1449 1750 1570 1789 quarte

152 1818 302 1853 ceruifie.
372 1824 660 1855 CELLARIUM.
714 1818 772 1853 De
807 1819 890 1852 vino
926 1819 1118 1865 preintrato
1162 1819 1226 1864 vif„
1269 1820 1325 1866 viij
1363 1821 1570 1867 ponnfiones

153 1897 222 1943 vinj
243 1898 366 1943 expen'
385 1910 405 1931 v
425 1896 539 1943 lagine
559 1897 579 1943 ij
596 1902 719 1943 quarte
733 1899 747 1944 j
763 1896 883 1944 pimffiz
900 1897 970 1943 vinj
992 1910 1003 1931 l
1023 1902 1057 1931 et
1073 1896 1113 1931 fic
1129 1897 1255 1931 restant
1274 1898 1318 1944 vij
1339 1898 1570 1945 pounliounes¹

153 1989 175 2009 x
194 1975 335 2020 laginej
356 1976 506 2020 quartaj
526 1974 647 2020 Ρίῐιὸὶε.
664 1974 735 2020 vinj
756 1973 888 2021 claretj.
941 1980 1156 2016 COQUINA.
1200 1975 1315 2023 Empt'
1345 1977 1439 2024 xxiiij
1470 1978 1572 2025 pulli-

153 2052 361 2099 gallinarum
380 2051 426 2098 xij
447 2057 461 2086 ἔ
481 2064 491 2085 s
511 2064 557 2086 xv
577 2063 726 2098 capones
744 2051 814 2098 xxij
828 2056 842 2085 Ξ
860 2051 891 2098 vj
907 2051 931 2086 d
947 2065 957 2085 s
973 2064 995 2086 x
1009 2052 1126 2098 pultre
1145 2054 1202 2100 viij
1217 2059 1231 2088 Ξ
1247 2067 1257 2087 s
1271 2055 1307 2088 in
1323 2055 1431 2089 ordeo
1448 2069 1459 2090 s
1476 2056 1545 2103 pisa
1559 2070 1569 2090 s

153 2129 249 2164 cnseo
271 2143 280 2163 s
301 2135 334 2163 et
353 2129 429 2164 ouis
456 2142 467 2163 s
494 2129 578 2176 varij
607 2129 712 2176 precij
744 2142 754 2162 s
783 2128 926 2163 Summa
951 2129 1007 2176 xvj
1027 2134 1042 2164 ἔ
1061 2130 1117 2177 viij
1137 2131 1161 2166 d
1189 2145 1198 2165 s
1227 2137 1260 2166 et
1288 2138 1409 2180 expen’
1439 2148 1449 2167 s
1480 2134 1567 2168 Item

155 2209 259 2255 cmpt’
278 2208 298 2254 ij
319 2213 417 2254 petre
435 2207 539 2253 butirj
559 2220 605 2242 xv
623 2211 637 2241 ἔ
659 2224 668 2240 s
689 2212 723 2241 et
742 2209 877 2253 expen'.

624 2287 766 2319 Summa
785 2285 841 2331 viij
862 2285 886 2319 ii
905 2298 949 2320 xv
968 2290 983 2320 ἕ
1000 2286 1032 2332 vj
1053 2286 1086 2321 d.

847 2375 867 2397 Ρ
