1861 2703
88 992 227 1021 Edinburgh

245 268 290 297 10
716 258 873 294 LIBER
902 256 1178 292 DOMICILII
1548 260 1653 293 1595.

288 366 369 394 DIE
387 363 512 393 LUNE
527 355 634 390 xxviii
650 355 809 401 Augusti.
863 359 1114 390 PANETRIA.
1144 352 1255 399 Apud
1272 351 1506 399 Hadingtoun
1525 355 1650 400 expen’

242 438 278 469 in
305 435 451 482 prandio
481 440 531 468 vxx
549 432 618 480 xvij
638 445 745 480 panes
772 446 783 466 l
811 437 846 466 et
873 430 916 466 fic
946 431 1074 466 restant
1103 430 1161 477 ij‘D
1173 430 1202 477 jc
1219 431 1289 477 xvij
1309 443 1426 477 panes.
1480 438 1652 469 BUTEL-

246 519 399 550 LARIA.
438 512 495 546 De
513 508 654 545 ceruifia
671 511 795 556 expen’
812 508 894 556 xxxj
914 509 1029 555 lagine
1048 508 1069 555 ij
1090 512 1212 554 quarte
1237 507 1251 554 j
1280 508 1401 555 Ρίηὸὶξι
1427 509 1567 544 ceruifie
1592 524 1602 544 s
1623 516 1657 544 et

245 591 288 626 fic
306 603 392 637 eque
406 602 503 635 eque.
555 593 774 630 COQUINA.
804 587 863 621 De
879 587 1081 633 preintratis
1101 599 1111 619 s
1131 585 1275 632 expen’j
1293 591 1404 620 merta
1423 600 1433 620 s
1452 587 1474 633 ij
1496 593 1657 622 mutones

242 670 256 716 j
276 673 396 715 quarta
416 681 427 700 l
447 672 480 701 et
494 665 536 700 fic
548 677 634 711 eque
654 678 665 698 t
687 665 778 699 Item
797 665 902 711 empt'
920 663 941 710 ij
961 663 1104 710 porcellj
1120 663 1262 710 ‘xxxiiij
1284 663 1400 710 pultre
1416 678 1427 698 Ι
1440 665 1472 711 vj
1494 677 1658 711 capones]

248 759 293 780 xv
311 744 472 792 pluuiarij
493 757 504 777 l
523 743 617 789 xxiiij
638 742 723 789 pullj
743 741 951 788 gallinarum
971 754 982 774 l
1000 741 1022 787 ij
1042 753 1125 775 aues
1143 741 1292 775 morales
1312 754 1322 775 l
1342 741 1363 788 ij
1383 741 1464 788 gallj
1484 743 1573 789 nigrj
1596 756 1607 776 s
1626 743 1660 790 iij

249 823 370 869 ciconij
393 836 403 855 s
422 822 516 868 price
533 820 617 867 varij
648 833 659 854 l
688 820 830 855 Summa
847 819 880 866 iij
900 820 925 853 ii
943 818 990 865 iiij
1011 823 1025 853 ἕ
1043 832 1064 853 v
1081 819 1105 853 d
1133 832 1144 853 s
1173 824 1207 853 et
1226 820 1361 865 expen’.

301 984 463 1014 EODEM
481 983 563 1013 DIE
581 989 591 1010 1
607 976 706 1022 Rege
719 980 922 1010 remanente
934 976 970 1009 in
979 974 1186 1021 Edinburgh
1200 988 1211 1008 Ι
1224 980 1258 1009 et
1270 974 1398 1009 ibidem
1411 974 1454 1009 de
1466 976 1666 1021 quingentis

254 1055 375 1102 vigintj
395 1056 451 1089 sex
468 1055 592 1100 laginis
610 1058 644 1088 et
661 1053 682 1100 ij
702 1053 833 1099 quartis
852 1052 992 1087 ceruifie
1009 1052 1214 1087 restantibus
1232 1065 1302 1087 xxv
1322 1052 1471 1098 Augusti
1489 1054 1613 1099 expen’
1631 1054 1667 1086 in

256 1147 341 1169 cena
357 1132 451 1179 xxiiij
472 1133 586 1178 lagine
605 1132 625 1178 ij
646 1137 768 1177 quarte
787 1131 926 1166 ceruifie
955 1146 966 1166 s
994 1137 1030 1167 et
1061 1131 1103 1166 sle
1133 1132 1260 1167 restant
1275 1138 1307 1166 vc
1325 1132 1346 1179 ij
1367 1132 1482 1178 lagine
1516 1131 1668 1166 ceruifie.

257 1216 501 1248 PANETRIA.
535 1210 592 1244 De
610 1209 809 1256 preintratis
829 1223 840 1242 l
860 1210 984 1256 expen’
1002 1210 1094 1256 apud
1114 1209 1323 1256 Edinburgh
1341 1210 1378 1243 in
1396 1221 1482 1244 cena
1500 1209 1668 1256 lxxxxvii-j

258 1302 363 1336 panes
383 1302 393 1322 s
414 1288 504 1323 Item
523 1288 646 1334 expen'
664 1288 699 1321 in
718 1286 856 1333 pastillis
874 1287 955 1334 xviij
980 1299 1087 1334 panes
1106 1301 1117 1320 l
1138 1287 1281 1321 Summa
1299 1288 1525 1334 expensarum
1543 1293 1594 1321 vxx
1613 1287 1670 1333 xvj

258 1379 363 1413 panes
391 1380 401 1400 s
430 1372 463 1400 et
481 1365 523 1400 fic
541 1365 669 1400 restant
687 1364 744 1411 ij‘o
762 1365 819 1412 xxj
840 1377 957 1412 panes.
1011 1371 1224 1408 COQUINA.
1266 1364 1324 1399 De
1352 1365 1373 1411 ij
1402 1365 1533 1411 quartis
1559 1371 1671 1398 merte

261 1444 382 1479 restan’
409 1444 502 1488 [die]
521 1443 622 1479 Jouis
640 1443 733 1488 xxiiij
756 1442 905 1488 Augusti
925 1444 1049 1489 expen'
1069 1457 1079 1477 l
1108 1448 1142 1477 et
1160 1442 1203 1477 fic
1221 1456 1309 1488 eque
1332 1456 1342 1476 t
1365 1443 1455 1477 Item
1478 1443 1584 1489 empt'
1601 1443 1671 1489 xxij

262 1527 449 1556 mutounes
466 1534 488 1554 v
505 1522 529 1555 ii
557 1520 603 1567 iiij
623 1526 638 1555 ἔ
656 1520 712 1566 viij
732 1520 756 1555 d
775 1534 785 1554 l
806 1520 848 1554 de
870 1520 994 1566 quibus
1017 1522 1141 1568 expen’
1159 1521 1240 1568 xviij
1261 1526 1447 1555 mutounes
1467 1534 1477 1554 s
1498 1526 1532 1554 et
1550 1519 1592 1553 fic
1610 1521 1676 1554 res-

263 1604 339 1633 tant
356 1599 403 1645 iiij
423 1603 584 1632 mutones
611 1611 621 1631 t
651 1597 741 1632 Item
760 1597 892 1644 empt’j
913 1604 1036 1644 quarta
1052 1598 1151 1645 vitulj
1172 1598 1287 1645 magnj
1307 1599 1352 1645 vij
1373 1603 1388 1633 ἓ
1407 1612 1418 1632 l
1436 1598 1458 1645 ij
1479 1598 1598 1644 lingue
1616 1597 1675 1631 bo-

264 1676 352 1723 uinjs
370 1675 403 1722 iij
420 1676 506 1710 libre
520 1675 592 1722 cepj
608 1675 630 1721 ij
644 1680 672 1709 ἕ]
692 1688 712 1709 ν
731 1687 879 1722 capones
895 1675 942 1722 iiij
962 1681 977 1710 ἔ
995 1689 1007 1709 l
1027 1681 1061 1710 et
1079 1677 1202 1723 expen’
1229 1689 1241 1710 l
1271 1676 1361 1710 Item
1381 1677 1485 1722 empt'
1503 1675 1560 1721 viij
1581 1675 1676 1708 cuni-

266 1754 331 1801 culj
352 1754 384 1801 xj
405 1759 420 1788 ἓ
436 1753 482 1800 iiij
502 1754 526 1788 d
544 1766 554 1787 t
574 1753 633 1799 liiij
654 1766 722 1787 oua
738 1753 819 1799 xviij
840 1753 863 1788 d
883 1766 893 1786 s
912 1754 947 1786 in
967 1753 1074 1787 ordeo
1094 1760 1128 1788 et
1146 1754 1290 1801 cenapio
1309 1753 1330 1800 ij
1351 1758 1366 1788 ἓ
1394 1767 1405 1787 l
1434 1753 1481 1787 Et
1499 1753 1634 1799 expen'.

606 1831 748 1865 Summa
765 1832 800 1864 ix
817 1831 843 1864 ii
862 1843 907 1865 xv
926 1836 940 1865 Ξ
957 1831 990 1877 xj
1011 1831 1033 1865 d
1052 1832 1088 1865 in
1106 1831 1206 1865 totali
1225 1831 1328 1866 dieta.

316 1993 396 2022 DIE
415 1993 590 2022 MARTIS
608 1986 691 2020 xxix
711 1986 870 2032 Augusti.
906 1993 1157 2023 PANETRIA.
1185 1986 1243 2022 De
1257 1987 1457 2034 preintratis
1473 2000 1484 2020 s
1500 1986 1623 2033 expen’
1641 1986 1678 2019 in

270 2065 443 2098 dominico
469 2064 513 2110 vij
533 2076 638 2110 panes
658 2077 669 2097 s
689 2064 730 2098 de
749 2064 899 2098 secundo
927 2065 1050 2111 expen’
1071 2065 1100 2111 jC
1128 2064 1200 2098 lxix
1218 2077 1324 2111 panes
1352 2078 1363 2098 l
1392 2064 1483 2098 Item
1501 2064 1625 2111 expen'
1643 2063 1679 2096 in

269 2141 407 2188 pastillis
425 2140 460 2174 xl
477 2153 583 2187 panes
610 2154 621 2175 l
650 2141 793 2174 Summa
810 2141 1038 2188 expensarum
1050 2141 1079 2188 jc
1097 2148 1148 2176 vxx
1166 2142 1222 2188 xvj
1242 2154 1350 2189 panes
1378 2155 1389 2175 s
1417 2147 1452 2176 et
1481 2141 1524 2175 fic
1554 2140 1681 2175 restant

265 2218 314 2265 j‘O
333 2218 403 2265 viijc
421 2218 456 2251 xl
474 2229 581 2264 panes
601 2230 612 2252 l
633 2217 724 2252 Item
743 2219 847 2266 empt’
867 2232 930 2265 per
950 2218 1144 2254 IValterum
1165 2219 1247 2254 Scot
1269 2219 1458 2266 pistoremj
1479 2218 1596 2253 celdra
1612 2218 1682 2251 fru-
