1861 2703
159 223 262 258 1529.
645 217 801 252 REGIS
827 218 1015 253 JACOBI
1046 219 1090 252 V.
1502 223 1569 258 119

156 316 218 350 tris
235 328 281 350 xv
298 314 393 349 libris
410 313 514 360 butirJ
535 313 739 348 reflantibus
757 314 850 361 apud
870 314 1077 360 Edinburgh
1095 316 1127 362 vj
1150 314 1283 362 Aprilis
1301 316 1424 362 expen’
1442 328 1464 349 x
1483 316 1569 350 libre
1589 319 1735 348 Edirssw-rzab-

157 393 261 439 butirj
282 405 293 426 s
312 397 346 427 et
364 390 406 426 sic
425 391 553 426 restant
571 392 664 438 xxvij
684 396 783 438 petre
802 405 821 426 v
840 391 927 426 libre
945 391 1061 439 butirj.

681 469 824 503 Summa
842 469 910 515 xvij
931 470 953 504 ii
974 483 995 503 v
1014 475 1040 504 Ξ.

202 632 284 662 DIE
309 631 486 661 MARTIS
515 638 561 659 xx
594 625 738 672 Aprilis.
791 632 1044 663 PANETRIA.
1087 626 1144 661 De
1175 627 1375 673 preintratis
1406 640 1417 660 t
1449 628 1572 674 expen'

149 703 177 749 j
196 703 243 749 liij
263 715 369 749 panes
396 715 407 736 s
437 702 528 736 Item
548 702 583 736 in
601 701 740 748 pastillis
758 715 820 749 per
839 703 913 749 iiijur
934 703 1007 737 dios
1034 703 1082 750 liij
1114 716 1220 749 panes
1248 716 1259 737 t
1289 703 1379 738 Item
1406 704 1571 750 ex1)en’j¹'

153 780 198 827 xij
219 792 325 827 panes
343 780 386 814 ad
406 778 571 826 expensas
590 779 738 813 Domini
758 779 868 825 Regis
886 780 921 814 in
939 780 1139 827 particularj
1153 780 1226 827 post
1238 781 1410 815 decimum
1423 782 1570 816 tercium

155 857 289 904 Aprilis
317 870 328 890 l
355 856 498 891 Summa
516 856 551 903 ij⁶
568 862 618 890 vxx
638 856 720 902 xviij
740 868 847 902 panes
867 869 878 890 l
897 861 931 890 et
949 856 992 891 fic
1021 856 1149 891 restant
1180 857 1249 903 jjjm
1280 857 1326 904 ij
1354 870 1423 891 xxv
1454 870 1570 905 panes.

155 940 447 972 BUTELARIA.
487 933 624 980 Expeu’
642 933 715 980 xliij
734 933 877 980 laginej
897 939 1020 979 quarta
1038 933 1178 968 ceruifie
1207 947 1218 967 l
1247 939 1281 968 et
1300 932 1342 968 fic
1368 933 1495 968 restant
1512 935 1572 981 iiij‘

152 1018 202 1045 vxx
218 1012 332 1058 lagine
352 1011 371 1058 ij
388 1016 509 1057 quarte
528 1008 668 1045 ceruifie
687 1015 722 1044 et
735 1010 830 1057 birrj.
883 1017 1098 1053 COQUINA.
1126 1010 1184 1045 De
1198 1011 1399 1057 preintratis
1417 1024 1429 1045 s
1449 1013 1573 1058 expen'

147 1090 161 1135 j
181 1094 304 1135 quarta
322 1093 433 1123 merte
450 1087 542 1135 paste
569 1087 697 1122 restans
723 1088 760 1121 in
791 1087 1002 1134 Edinburgh
1022 1101 1033 1121 l
1053 1093 1087 1122 et
1105 1086 1148 1122 sle
1167 1087 1268 1122 restat
1293 1090 1308 1135 j
1342 1094 1453 1123 merta
1482 1089 1575 1135 pasta

154 1167 186 1213 vj
209 1166 341 1213 Aprilis
369 1179 380 1200 s
410 1165 501 1200 Item
523 1165 655 1212 empt’j
676 1170 788 1199 merta
806 1177 927 1199 recens
948 1178 958 1199 1
978 1165 998 1212 ij
1020 1165 1119 1211 vitulj
1148 1165 1263 1212 magnj
1288 1167 1303 1212 J'
1335 1171 1458 1212 quarta
1477 1179 1488 1200 l
1506 1167 1574 1213 pri-

155 1245 246 1278 cium
267 1244 312 1291 iiij
332 1243 357 1278 Ῐί
375 1243 422 1289 xij
441 1247 457 1277 Ξ
474 1242 507 1289 iij
528 1243 551 1277 d
571 1255 582 1277 l
600 1242 658 1289 viij
679 1247 842 1276 mutones
859 1242 894 1288 iij
913 1241 938 1277 ii
957 1242 1002 1288 iiij
1024 1247 1038 1276 Ξ
1057 1244 1098 1289 lj
1118 1254 1228 1288 agnus
1258 1255 1269 1276 1
1296 1242 1330 1289 iij
1358 1242 1444 1277 libre
1471 1243 1544 1290 cepi
1562 1257 1573 1277 s

154 1398 189 1444 iij
210 1409 359 1444 capones
376 1396 456 1443 pafij
480 1409 491 1430 Ι
510 1395 531 1442 ij
552 1395 709 1442 perdices
729 1409 740 1430 t
760 1396 795 1429 in
810 1396 919 1430 ordeo
948 1409 958 1430 t
987 1396 1034 1430 Et
1052 1409 1116 1443 pro
1135 1396 1289 1444 expenfis
1303 1396 1449 1444 Dominj
1465 1397 1574 1444 Regis

154 1474 247 1522 apud
265 1474 416 1520 burgum
437 1472 481 1507 de
499 1472 614 1506 Peblis
633 1473 819 1518 equitantis
841 1473 884 1507 de
912 1472 1120 1520 Edinburgh
1147 1473 1347 1508 festinanter
1377 1475 1468 1509 circa
1497 1488 1573 1522 cap·
1598 1482 1684 1504 Peblis-

155 1553 287 1587 tionem
305 1551 483 1586 latronum
497 1563 508 1585 s
521 1551 607 1597 varij
624 1550 730 1597 precij
752 1564 763 1584 l
784 1550 927 1585 Summa
944 1551 991 1598 iiij
1005 1552 1030 1586 ii
1049 1556 1122 1587 xv&
1138 1551 1160 1598 ij
1179 1551 1203 1587 d
1222 1564 1233 1586 s
1253 1557 1288 1586 et
1306 1553 1429 1600 expen'
1449 1566 1459 1587 t
1481 1552 1570 1587 Item

154 1629 304 1677 expen’j
325 1634 424 1676 petra
441 1628 546 1675 butirj
567 1641 579 1662 s
598 1633 633 1662 et
650 1626 693 1662 fic
711 1627 838 1662 restant
855 1627 937 1674 xxvj
957 1633 1054 1674 petre
1072 1641 1094 1663 v
1112 1628 1199 1663 libre
1216 1628 1335 1675 butirj.

635 1706 778 1741 Summa
796 1706 841 1753 xij
861 1707 886 1741 ii
905 1718 951 1742 xv
968 1711 984 1741 Ξ
1001 1708 1035 1753 xj
1054 1707 1088 1742 d.

201 1870 282 1899 DIE
306 1868 545 1899 MERCURII
564 1863 622 1909 xxj
644 1862 790 1909 Aprilis.
842 1870 1090 1900 PANETRIA.
1129 1863 1186 1897 De
1204 1864 1404 1910 preintratis
1419 1878 1430 1899 J
1446 1867 1569 1912 expen’

147 1944 174 1987 j‘
193 1941 275 1975 lxxv
294 1953 400 1987 panes
419 1953 430 1974 s
450 1946 484 1974 et
502 1939 545 1974 sle
571 1940 699 1974 restant
729 1940 799 1987 iijffi
828 1941 888 1988 iiijc
915 1941 976 1974 lxx
1001 1953 1118 1988 panes.
1171 1946 1462 1978 BUTELARIA.
1500 1942 1568 1976 Ex-

151 2095 292 2131 ceruifie
310 2102 345 2130 et
362 2096 461 2143 biri-j.
512 2103 733 2139 COQUINA.
775 2096 893 2143 Empt’
911 2097 981 2143 xxij
1004 2096 1165 2131 mulones
1185 2109 1196 2130 s
1215 2096 1263 2143 iij‘
1281 2096 1318 2131 lx
1337 2097 1404 2144 albj
1434 2098 1540 2145 pisces
1556 2113 1566 2132 s

145 2176 158 2221 J
179 2187 265 2208 rone
286 2174 324 2221 lj
345 2173 448 2208 turbo
469 2173 509 2221 [j
530 2174 625 2221 leing
644 2187 655 2209 s
675 2174 709 2221 iij
729 2174 864 2220 rigadia
896 2188 904 2209 l
937 2174 973 2222 ijc
991 2174 1028 2208 lx
1045 2174 1181 2221 podlois
1212 2187 1223 2208 Ι
1255 2174 1289 2222 iij
1317 2173 1487 2210 salmones
1517 2189 1568 2210 re-

150 2258 268 2288 centes
288 2265 299 2286 s
318 2251 349 2299 vj
371 2251 451 2300 lucij
475 2265 484 2286 s
504 2265 550 2287 xx
568 2251 868 2299 pulligallinarum
897 2266 907 2286 l
940 2251 974 2299 iij
994 2252 1111 2300 pultre
1140 2266 1151 2287 s
1169 2253 1241 2301 xiiij
1261 2265 1410 2302 capones
1430 2267 1441 2288 s
1460 2254 1493 2301 iij
1514 2267 1567 2288 ca-
