1861 2703
270 273 317 303 44
746 264 903 300 LIBER
931 263 1209 300 DOMICILII
1581 269 1685 302 1525.

480 362 525 379 ...ε

417 440 475 457 .....

276 682 350 708 tum
369 673 415 708 est
434 687 444 707 s
465 678 499 707 et
517 672 574 719 viij
594 671 716 706 barilia
732 671 880 705 allecum
893 670 1069 704 dictorum
1087 671 1305 705 continentia
1318 671 1395 718 iiijffl
1406 677 1440 706 vc
1451 673 1569 720 xxxvij
1583 673 1692 708 alleca

278 751 357 787 salsa
377 765 387 785 s
407 756 441 785 et
459 750 501 784 fic
519 749 647 784 restant
665 749 701 783 in
719 753 795 783 toto
815 748 884 795 xjss'
897 750 925 795 jc
942 747 1000 794 viij
1021 747 1131 782 alleca
1154 746 1236 782 salsa
1263 761 1274 782 t
1302 747 1360 783 De
1385 749 1586 796 preintratis
1605 764 1616 784 l
1635 764 1692 785 ex-

277 830 355 876 pen’
374 830 434 875 iiij⁶
452 828 636 875 speldingis
656 841 666 860 l
686 827 731 873 xij
759 826 920 861 mulones
946 825 1031 872 aridj
1053 839 1064 859 l
1085 826 1131 873 iiij
1160 826 1294 873 rigadia
1324 827 1421 861 arida
1439 830 1479 875 sj
1499 833 1600 875 petra
1619 829 1691 876 xiiij

278 907 364 941 libre
384 906 486 953 butirj
509 919 519 939 l
542 912 576 940 et
593 905 636 939 fic
655 904 781 939 restant
801 903 894 950 ,xiij‘o
923 904 971 937 ixc
998 903 1032 937 ix
1058 902 1244 950 speldingis
1264 917 1275 937 s
1294 910 1327 939 vc
1345 904 1383 938 xl
1401 904 1562 939 mulones
1580 906 1665 953 aridj
1682 920 1691 939 s

278 991 329 1019 v'0‘
348 986 384 1019 ix
403 984 536 1031 rigadia
552 983 648 1017 arida
676 999 685 1015 l
715 982 805 1016 Item
825 982 930 1028 empt'
957 980 988 1027 vj
1017 981 1178 1015 mulones
1205 986 1363 1017 recentes
1392 999 1402 1016 l
1435 982 1483 1030 iijc
1500 983 1605 1030 xxxvj
1625 983 1692 1030 albj

279 1063 385 1110 pisces
404 1075 416 1096 l
429 1062 457 1108 jc
474 1060 511 1095 lx
528 1060 686 1107 pefilfines
706 1073 717 1093 s
736 1060 783 1106 iiij
811 1059 980 1093 turbones
999 1072 1010 1092 l
1029 1059 1051 1106 ij
1070 1058 1194 1105 leingis
1215 1072 1226 1093 s
1244 1059 1277 1106 vj
1305 1058 1510 1107 bronoscopj
1532 1074 1542 1094 s
1562 1061 1596 1108 iij
1617 1074 1694 1096 can-

279 1141 326 1186 crj
350 1154 359 1173 s
379 1141 415 1173 in
434 1138 631 1185 pefilinibus
645 1150 733 1183 aque
748 1136 858 1171 dulcis
875 1150 885 1169 s
901 1136 922 1183 ij
938 1141 1060 1182 quarte
1074 1136 1191 1183 pellok
1205 1150 1216 1170 l
1231 1137 1267 1171 in
1282 1137 1384 1172 trutis
1397 1139 1609 1173 torrentium
1622 1151 1633 1173 Ι
1646 1139 1692 1186 iiij

279 1219 359 1264 lucij
382 1231 392 1251 s
407 1219 434 1264 jc
452 1216 561 1251 bukes
582 1216 656 1262 xj<D
669 1216 697 1262 j⁰
712 1214 813 1249 ostria
833 1227 844 1248 s
862 1216 920 1261 xxj
934 1214 1113 1261 mex-lingis
1132 1231 1142 1247 l
1162 1214 1207 1261 xij
1221 1214 1328 1262 pisces
1345 1215 1430 1262 aridj
1452 1232 1462 1249 s
1482 1217 1577 1263 xxiiij
1596 1217 1696 1264 polu-

277 1296 310 1342 pj
329 1309 339 1329 s
352 1295 388 1329 lx
400 1294 508 1328 alleca
520 1293 628 1328 rubea
644 1306 654 1327 s
670 1293 707 1326 in
721 1293 813 1339 cepis
835 1304 846 1326 s
866 1296 900 1326 et
911 1292 1061 1338 cariagio
1075 1305 1087 1326 l
1099 1292 1184 1339 varij
1200 1293 1306 1340 precij
1327 1305 1339 1327 l
1359 1292 1559 1341 Summaiiij
1571 1294 1597 1329 fi
1612 1295 1668 1342 xvj
1681 1300 1696 1330 ἕ

278 1374 324 1420 iiij
347 1374 370 1408 d
395 1386 405 1407 t
426 1378 459 1407 et
478 1372 602 1418 expen'
630 1385 641 1405 s
669 1371 716 1405 Et
742 1371 784 1404 de
803 1370 919 1404 butiro
948 1382 958 1403 l
980 1370 1093 1416 pomis
1112 1386 1121 1403 ι
1144 1370 1239 1404 caseo
1267 1383 1279 1404 l
1298 1375 1332 1405 et
1349 1371 1433 1418 piris
1452 1384 1464 1406 s
1482 1372 1642 1418 preciatis
1658 1374 1696 1407 in

278 1452 369 1485 dieta
398 1450 609 1497 precedente
627 1462 689 1496 per
708 1460 863 1483 errorem
882 1447 1003 1494 calculj
1032 1464 1042 1480 s
1072 1447 1162 1482 Item
1192 1447 1234 1482 de
1252 1448 1452 1495 preintratis
1472 1463 1483 1483 s
1503 1451 1626 1497 expen'
1659 1451 1693 1497 xj

808 1603 950 1637 Summa
968 1602 1013 1649 xij
1034 1602 1059 1636 ii
1079 1602 1111 1648 vj
1132 1607 1156 1637 ἕ.

328 1769 409 1798 DIE
435 1767 672 1798 MERCURII
699 1760 773 1794 xiiii
806 1759 946 1794 Mercii.
1000 1765 1246 1796 PANETRIA.
1286 1759 1342 1794 De
1370 1760 1570 1807 preintratis
1599 1774 1610 1794 t
1638 1773 1694 1795 ex-

280 1841 358 1886 pen’
377 1841 411 1873 in
431 1840 606 1874 dominico
624 1839 682 1886 xiij
702 1851 808 1886 panes
829 1851 839 1872 s
859 1838 902 1872 de
920 1836 1072 1872 secundo
1091 1838 1216 1885 expen’
1239 1838 1269 1885 jc
1296 1843 1347 1872 vxx
1377 1838 1409 1884 vj
1429 1850 1536 1885 panes
1562 1855 1572 1870 ι
1603 1837 1693 1873 Item

279 1919 401 1964 expen'
420 1917 455 1951 in
473 1916 612 1964 pastillis
630 1916 712 1963 xviij
733 1928 838 1963 panes
866 1929 877 1949 l
906 1915 1049 1950 Summa
1075 1914 1303 1962 expensarum
1333 1915 1370 1962 ijc
1399 1916 1470 1962 xvij
1501 1928 1608 1962 panes
1629 1929 1639 1950 l
1659 1922 1693 1951 et

278 1995 320 2029 fic
352 1994 478 2029 restant
505 1994 572 2028 ixm
604 1995 651 2029 ix‘
677 1993 737 2041 liiij
766 2006 883 2041 panes.
936 1999 1220 2030 BUTELARIA.
1267 1992 1404 2040 Expen’
1434 1993 1483 2027 lix
1511 1993 1626 2040 lagine
1656 1995 1690 2040 iij

279 2078 403 2118 quarte
422 2071 562 2106 ceruifie
583 2086 593 2106 l
614 2078 649 2106 et
666 2071 708 2106 fic
727 2071 853 2107 restant
872 2072 906 2119 ijc
925 2077 974 2106 vx*
993 2083 1038 2106 xv
1057 2071 1184 2117 lagine.
1237 2077 1452 2114 COQUINA.
1490 2070 1549 2106 De
1578 2072 1692 2118 prein-

764 2225 1564 2233 .........

276 2303 355 2340 salsa
376 2321 385 2337 s
406 2304 500 2351 xiij‘o
518 2310 550 2339 vc
568 2303 757 2351 speldingis
785 2321 794 2338 s
825 2310 857 2339 vc
876 2303 982 2351 xxviij
1011 2303 1171 2339 mulones
1199 2303 1285 2351 aridj
1319 2321 1329 2337 l
1360 2303 1527 2350 lxxxxviij
1561 2303 1691 2349 rigadia
