1861 2703
46 675 130 704 Cuper.

47 741 64 763 1³
67 740 176 763 auxkland
181 757 186 762 .

48 807 125 830 Perth.

46 874 181 903 striueling.

50 1127 198 1156 Ediuburgh.

53 1334 213 1364 liadingtoun.

52 1462 199 1491 Edinburgh.

56 1529 193 1558 Linlithqw.

54 1596 159 1625 stirling.

55 1662 193 1691 Linlithqw.

58 1790 204 1818 Edinburgb.

64 2129 198 2157 Linlithqw.

66 2255 213 2284 lidinburgh.

68 2321 241 2350 lladingtoune.

249 246 295 277 38
828 241 1112 277 APPENDIX.
1556 248 1661 280 1532).

288 339 356 369 Dm
374 338 472 369 Lurm
487 338 508 368 ii
524 337 714 368 Decembris.
764 337 870 370 Intrat’
891 339 941 380 viij
958 344 1053 370 merte
1067 349 1137 369 cum
1152 338 1254 370 corriis
1269 339 1306 370 de
1325 338 1506 380 Kynclewin
1522 341 1618 372 locate
1633 342 1663 371 in

253 404 432 434 Faulkland.

293 470 359 500 Dm
378 469 559 500 Mnncunu
585 469 629 500 iiii
652 469 846 501 Decembris.
891 470 1000 502 Intrat'
1027 481 1065 501 ex
1090 470 1170 500 dono
1195 470 1324 500 Domini
1346 470 1383 501 de
1412 471 1578 513 Lyndesay
1593 472 1666 511 xviij

252 535 353 576 lagine
368 534 504 566 eeruisie.
551 535 631 566 Item
652 536 752 566 intrat'
776 546 814 565 ex
838 535 917 566 dono
942 535 1072 566 Domini
1102 535 1242 576 Cullithy
1267 536 1298 576 iij
1325 535 1466 574 cuniculi,
1491 537 1533 577 xij
1561 537 1664 578 suipis‚

254 600 329 630 lxxx
345 599 461 631 alaude.

298 666 364 695 Dm
379 666 477 696 Jours
493 677 512 697 v
527 665 715 698 Decembris.

297 732 365 762 Dm
385 731 537 762 mems
554 733 584 762 vi
599 733 787 764 Decembris.

298 797 365 828 Dm
385 798 509 828 SABOTI
526 798 566 829 vii
581 798 771 829 Decembris.
818 799 930 830 Relieti
945 799 1104 840 capitaneo
1120 799 1157 829 de
1175 798 1345 829 Faulkland
1356 799 1382 840 jc
1396 799 1437 840 xij
1456 810 1559 840 panes.

297 863 366 893 Dm
389 863 571 894 DOMINICO
596 864 647 894 viii
673 864 862 896 Decembris.
910 865 1027 906 Expen’
1054 865 1135 906 apud
1164 864 1334 895 Faulkland
1359 865 1390 895 in
1417 865 1547 895 disiunio
1577 865 1673 905 Regis

255 929 340 970 xxiiij
358 940 461 971 panes.
508 929 587 960 Item
603 931 710 972 expen’
727 931 808 971 apud
827 930 955 972 Stirling
970 930 1002 961 in
1018 941 1092 962 cena
1107 931 1170 972 lviij
1188 942 1290 972 panes.

298 995 365 1025 Dm
384 995 484 1026 LUNE
510 996 542 1026 ix
568 996 758 1027 Decembris.
807 996 912 1027 Intrat’
938 998 950 1037 j
981 996 1081 1027 eeldra
1111 1008 1151 1026 xv
1180 997 1260 1027 bolle
1289 997 1329 1038 vij
1358 996 1455 1028 firlote
1484 997 1566 1027 ordei
1591 996 1675 1026 firme

256 1061 293 1091 (le
311 1061 370 1091 Fif.

299 1127 367 1157 Dm
386 1127 519 1157 MAnTis
537 1139 555 1157 x
573 1128 763 1158 Decembris.
811 1128 911 1158 Hodie
935 1128 1087 1157 Dominus
1108 1128 1175 1157 Rex
1193 1128 1341 1168 equitauit
1364 1127 1400 1157 de
1429 1127 1557 1168 Stirling
1574 1138 1675 1157 versus

261 1192 453 1233 Edinburgh.

300 1259 370 1288 Dm
388 1259 518 1289 Minus
536 1259 567 1289 xi
585 1259 776 1291 Decembris.
823 1259 930 1291 Intrat’
945 1260 975 1300 iij
994 1258 1091 1289 celdre
1108 1259 1137 1299 vj
1154 1258 1234 1289 bolle
1249 1258 1331 1289 ordei
1346 1258 1430 1288 firme
1446 1258 1484 1288 de
1502 1258 1562 1288 1³is.

303 1325 373 1354 Dm
393 1325 545 1355 VENERIS
562 1325 615 1355 xiii
630 1325 820 1356 Decembris.
870 1325 974 1357 Intrat'
1000 1324 1030 1365 iij
1060 1324 1157 1354 celdre
1179 1324 1323 1355 frumenti
1337 1324 1424 1355 firme
1439 1324 1475 1355 tle
1494 1324 1552 1355 Fif.
1601 1324 1678 1354 Item

261 1402 299 1421 ex
315 1390 394 1420 dono
412 1390 557 1422 Priorisse
573 1391 610 1422 de
627 1390 807 1432 Hadington
822 1391 873 1431 xvj
890 1391 991 1432 lagine
1007 1390 1141 1421 ceruisie.

305 1456 371 1486 Dm
388 1456 511 1487 Sxssori
527 1456 592 1487 xiiii
609 1456 796 1487 Decembris.

307 1523 375 1552 Dm
394 1522 492 1553 LUNE
509 1522 561 1552 xvi
577 1522 767 1553 Decembris.

308 1588 374 1617 Dm
392 1588 573 1619 Mssncumi
589 1587 870 1628 xviii-Decembris.

308 1654 377 1684 Dm
396 1653 494 1684 LUNE
511 1654 586 1684 xxiii
603 1653 792 1684 Decembris.
840 1653 941 1684 Hodie
958 1654 1110 1684 Dominus
1131 1653 1199 1684 Rex
1215 1653 1363 1694 equitauit
1379 1653 1416 1684 de
1435 1653 1602 1694 Striueling
1618 1664 1683 1683 ver—

265 1731 315 1749 sus
333 1719 511 1761 Linlithqw.

308 1786 375 1815 Dm
393 1785 529 1816 MAR'rls
544 1785 629 1815 xxiiii
646 1785 835 1816 Decembris.
885 1786 996 1824 Viyilr'a
1011 1787 1145 1816 Natalis.

308 1852 375 1881 Dm
392 1852 563 1882 MERCURH
580 1863 643 1882 xxv
659 1851 848 1882 Decembris.
893 1853 1012 1882 Festum
1028 1853 1153 1882 Natalis
1167 1852 1305 1882 Domini.
1345 1852 1358 1891 j
1376 1851 1494 1892 cignus,
1511 1851 1531 1891 ij
1547 1861 1632 1887 auce,
1649 1850 1679 1889 iij

266 1918 409 1958 perdices,
438 1918 465 1958 vj
483 1917 556 1958 galli
571 1917 733 1953 siluestres,
754 1917 766 1957 j
782 1928 865 1958 grus,
885 1917 897 1957 j
915 1917 1076 1948 conturnix
1107 1928 1160 1958 per
1177 1916 1329 1947 Abbatem
1345 1917 1382 1947 de
1397 1916 1571 1951 Lunduris3
1591 1916 1603 1955 J'
1621 1917 1683 1955 cig—

267 1994 333 2020 nus,
361 1983 391 2024 iij
416 1994 490 2014 auce
506 1994 558 2024 per
577 1982 761 2023 Episcopum
780 1982 1023 2018 Morauiensem;
1045 1984 1057 2024 3
1075 1983 1182 2024 cignus
1197 1994 1250 2024 per
1262 1983 1429 2013 Dominum
1449 1982 1572 2016 Burlie:
1592 1983 1604 2021 j
1622 1982 1684 2021 cig-

267 2061 333 2086 nus,
346 2050 358 2090 j
376 2061 448 2091 grus
464 2060 517 2091 per
536 2049 705 2090 Georgium
722 2050 959 2080 Ormonstoune.

312 2116 378 2145 Dm
399 2115 519 2146 SABo‘rl
535 2115 631 2146 xxviii
647 2115 836 2146 Decembris.
885 2115 987 2155 Empt'
1002 2115 1034 2145 in
1052 2114 1219 2155 Linlithqw
1241 2113 1336 2154 xxxiij
1357 2113 1459 2154 lagine
1470 2113 1482 2153 j
1500 2119 1607 2153 quarta
1623 2124 1684 2142 cer-

271 2182 355 2218 uisie‚
380 2181 506 2222 pricium
521 2181 595 2222 xliiij
613 2185 624 2210 Ξ
640 2181 681 2222 iiij
698 2184 727 2212 d.

315 2247 382 2278 Dm
396 2247 573 2276 DoMlNlco
590 2247 665 2277 xxix
680 2247 869 2277 Decembris.

316 2313 383 2343 Dm
403 2312 499 2342 LUNE
516 2322 577 2342 xxx
597 2311 784 2344 Decembris.
833 2312 934 2354 Empt'
951 2312 980 2353 iij
998 2318 1103 2353 quarte
1118 2318 1212 2342 merte
1228 2311 1257 2341 iu
1277 2311 1466 2351 I‘Iadington.
