1861 2703
164 230 268 261 1528.
664 223 820 260 REGIS
845 223 1035 260 JACOBI
1063 225 1108 259 V.
1516 229 1586 267 197

159 327 192 371 vj
212 324 236 359 d
255 324 290 357 in
309 323 364 356 die
393 335 403 355 s
432 320 576 356 Summa
593 320 653 367 xlij
673 321 696 354 ii
716 321 773 368 viij
794 324 809 355 ἔ
836 334 847 355 l
878 321 968 356 Item
999 321 1101 356 solut’
1119 322 1154 355 in
1173 322 1282 370 gagijs
1301 322 1453 357 duorum
1472 322 1583 357 verle-

160 406 276 434 torum
295 397 453 445 Magistri
469 398 604 432 Auerie
621 411 632 432 l
648 399 910 433 remanencium
925 398 968 432 ad
982 403 1082 433 extra
1095 412 1158 446 per
1171 399 1241 446 xxij
1259 399 1580 447 diesoeapiencium

159 478 194 510 in
213 477 268 512 die
287 489 333 510 xx
350 475 375 511 d
401 489 413 510 s
441 475 585 510 Summa
613 476 720 523 xxxvj
740 480 755 511 's
773 476 830 523 viij
849 476 873 510 d
901 488 912 510 t
942 475 1032 510 Item
1058 476 1094 510 in
1111 476 1222 523 gagi-js
1246 476 1421 512 Johannis
1440 476 1582 524 Spretty

157 551 371 586 remanentis
390 551 424 585 in
444 550 653 597 Edinburgh
672 552 715 586 ad
735 558 834 586 extra
851 565 914 600 per
932 553 1006 600 viij⁰
1024 553 1096 588 dies
1113 566 1137 587 x
1153 557 1168 587 ἔ
1187 553 1243 601 vi‘1j
1263 553 1289 589 d
1315 566 1326 588 l
1356 554 1446 589 Item
1470 555 1506 588 in
1524 567 1583 601 ga-

157 629 223 675 gijs
244 628 390 675 Robertj
411 628 484 663 Gib
502 641 564 675 per
581 635 652 663 tres
671 629 743 663 dies
761 630 806 676 vij
825 642 841 663 s
868 643 879 663 s
910 630 999 664 Item
1029 631 1064 664 in
1093 630 1203 677 gagijs
1228 629 1403 665 ,Iohannis
1422 631 1581 666 Donald—

156 706 241 740 suun
261 706 296 739 in
315 706 433 740 aueria
451 706 664 740 remanentis
693 706 737 740 ad
767 712 865 740 extra
894 707 1107 741 domicilium
1139 720 1202 753 per
1233 720 1362 742 nouem
1382 708 1454 742 dies
1472 709 1518 756 xij
1538 714 1553 743 ἔ
1568 723 1580 742 t

160 783 249 816 Item
270 783 306 816 in
323 783 433 829 gagijs
454 782 601 828 Robertj
624 782 770 817 Purwes
789 784 981 829 egrotantis
998 784 1034 817 in
1051 784 1243 831 Striueling
1257 798 1320 832 per
1334 798 1381 820 xx
1396 786 1467 820 dies
1482 799 1528 821 xx
1540 791 1554 821 ἔ
1568 800 1578 820 t

556 937 700 971 Summa
717 938 864 983 pecunie
883 936 1015 983 lxxxvij
1034 938 1057 972 ii
1078 937 1124 984 xij
1144 938 1178 972 d.

203 1092 394 1128 VICEsmo
415 1095 664 1128 SEPTEMBRIS.
717 1094 855 1142 Expen'
873 1095 975 1142 super
994 1095 1026 1142 vj
1044 1095 1139 1141 equis
1155 1095 1290 1141 magnis
1306 1094 1452 1142 Dominj
1469 1095 1578 1142 Regis

153 1170 415 1205 remanentibus
440 1171 476 1205 in
504 1171 698 1218 Striueling
717 1185 728 1206 s
749 1172 921 1206 Falkland
949 1184 960 1205 l
990 1171 1199 1217 Edinburgh
1219 1184 1230 1205 s
1262 1171 1474 1218 Hadington
1503 1185 1514 1206 l
1543 1179 1579 1206 et

154 1247 305 1281 Dunbar
334 1261 345 1281 l
371 1254 405 1281 et
432 1246 533 1295 super
560 1261 581 1282 v
608 1249 705 1294 equis
723 1249 915 1283 minoribus
942 1248 1093 1283 eiusdem
1118 1262 1139 1282 a
1164 1248 1260 1283 dieto
1288 1248 1343 1282 die
1374 1257 1462 1283 xxm⁰
1496 1249 1579 1298 Sep-

153 1324 296 1358 tembris
323 1323 489 1359 inclufiue
516 1325 621 1371 vique
648 1326 870 1360 vndecimum
901 1326 1069 1362 Offwbris
1097 1325 1270 1361 exclufiue
1300 1340 1311 1360 l
1338 1327 1395 1373 quj
1423 1327 1502 1362 sunt
1520 1328 1577 1375 xxj

155 1402 226 1436 dies
248 1415 258 1435 t
281 1402 497 1449 capientibus
515 1403 711 1437 mensuram
732 1403 907 1450 duplicem
923 1416 934 1438 l
950 1402 1192 1450 capientibusj
1212 1402 1344 1437 hollam
1365 1403 1386 1450 ij
1406 1404 1537 1439 firlotas
1555 1405 1577 1452 ij

154 1493 275 1526 peccas
289 1492 481 1515 auenarum
494 1481 530 1514 in
543 1481 599 1514 die
615 1493 628 1514 l
646 1481 692 1514 Et
706 1480 808 1528 super
823 1481 959 1516 duobus
974 1482 1069 1527 equis
1082 1481 1231 1528 Dominj
1248 1481 1356 1528 Regis
1369 1484 1580 1518 remanenti-

153 1559 216 1592 bus
231 1570 292 1605 per
310 1558 368 1604 xiij
386 1558 458 1592 dies
477 1558 567 1592 infra
580 1558 647 1592 hoc
666 1564 869 1605 compotum
891 1572 903 1593 s
923 1558 1140 1605 capientibus
1158 1558 1354 1593 mensuram
1374 1559 1548 1607 duplicem
1567 1575 1578 1595 t

153 1638 297 1671 Summa
316 1636 336 1683 ij
357 1635 473 1670 celdre
492 1649 512 1669 v
532 1636 652 1683 bollej
673 1636 790 1670 firlota
807 1636 829 1683 ij
857 1649 961 1683 pecce
989 1649 1180 1671 auenarum
1201 1649 1212 1670 ι
1233 1637 1275 1671 de
1294 1637 1446 1685 quibusj
1460 1639 1578 1672 celdra

153 1715 300 1761 pricium
320 1713 412 1747 bolle
431 1713 488 1760 viij
510 1718 524 1748 ἔ
542 1714 588 1760 iiij
608 1713 633 1749 d
653 1726 661 1748 l
683 1719 717 1748 et
740 1713 915 1748 refiduum
935 1713 1124 1759 videlicetj
1145 1713 1263 1748 celdra
1281 1726 1302 1748 v
1321 1714 1440 1762 bollej
1461 1716 1578 1750 firlota

153 1794 174 1839 ij
208 1804 311 1839 pecce
342 1804 534 1825 auenarum
567 1792 673 1838 enipt’
702 1791 850 1838 prleium
878 1791 972 1825 bolle
1003 1804 1024 1826 x
1054 1796 1069 1825 ἔ
1095 1791 1153 1838 viij
1181 1791 1205 1826 d
1241 1805 1252 1826 t
1289 1791 1432 1826 Summa
1462 1794 1578 1827 totalis

155 1870 237 1916 xviij
257 1870 281 1904 ti
299 1869 355 1916 xvj
376 1869 399 1904 d
428 1883 438 1903 s
468 1869 558 1903 Item
591 1868 693 1903 solut'
725 1869 761 1902 in
789 1868 900 1915 gagijs
927 1868 997 1914 fenj
1021 1868 1123 1902 dietis
1154 1868 1250 1913 equis
1280 1881 1342 1915 per
1372 1869 1462 1903 idem
1491 1876 1578 1905 tem-

153 1961 217 1995 pus
242 1947 403 1981 vndecim
424 1959 594 1992 equorum
615 1945 892 1993 prescriptorum
914 1958 925 1979 t
946 1944 1161 1992 capientibus
1190 1945 1224 1992 iij
1251 1951 1266 1980 ἔ
1291 1945 1348 1993 viij
1369 1946 1393 1981 d
1422 1947 1458 1981 in
1490 1948 1545 1982 die
1565 1962 1576 1982 t

155 2027 299 2061 Summa
316 2024 349 2071 iij
370 2024 394 2059 fi
412 2024 482 2070 xvij
502 2028 517 2058 ἔ
544 2036 554 2057 l
584 2023 676 2057 Item
708 2023 744 2056 in
774 2022 885 2069 gagijs
903 2022 972 2068 fenj
1005 2021 1142 2055 duobus
1172 2023 1269 2068 equis
1300 2022 1446 2070 Dominj
1469 2024 1578 2071 Regis

155 2115 217 2150 per
247 2101 306 2148 xiij
335 2101 407 2135 dies
437 2100 495 2146 viij
516 2105 531 2135 ἔ
549 2101 607 2147 viij
627 2100 650 2135 d
679 2113 690 2134 l
720 2100 811 2134 Item
843 2099 945 2134 solut'
976 2100 1011 2133 in
1039 2112 1130 2146 pane
1158 2100 1287 2146 equino
1318 2100 1454 2136 duobus
1481 2104 1578 2149 equis

151 2179 302 2227 Dominj
342 2178 451 2224 Regis
483 2177 553 2224 xiiij
574 2181 589 2212 ἔ
621 2191 631 2211 s
662 2177 752 2211 Item
785 2176 887 2212 solut'
914 2190 979 2224 pro
997 2177 1101 2212 feodo
1133 2177 1360 2213 stabulorum
1394 2180 1430 2214 in
1464 2180 1576 2228 burgo

154 2260 188 2306 xj
220 2259 273 2304 §j
307 2257 330 2291 d
371 2269 382 2290 s
425 2255 515 2290 Item
552 2257 676 2303 expen'
712 2256 812 2303 super
843 2255 917 2303 iiijor
955 2255 1111 2303 Magistrj
1145 2256 1276 2304 Stabulj
1312 2270 1322 2290 s
1354 2257 1375 2303 ij
1418 2256 1575 2308 Magistrj
