1861 2703
173 239 275 270 1525.
672 232 828 267 REGIS
855 230 1044 267 JACOBI
1077 231 1117 265 v,
1548 234 1594 269 99

221 332 462 366 Duomzcmo
479 327 673 364 Oc‘rossms
695 341 705 363 t
723 328 824 375 Rege
843 334 1048 363 remanente
1063 328 1100 362 in
1116 327 1308 375 Striueling
1325 340 1332 363 t
1351 329 1474 376 expen’
1488 327 1589 374 super
1616 340 1748 368 Summa-4.

171 410 263 457 xxvij
285 408 381 455 equis
402 407 511 454 Regis
529 412 564 441 et
581 407 711 441 familie
730 407 992 442 remanentibus
1011 406 1137 441 ibidem
1157 419 1177 440 a
1195 407 1291 441 dieto
1307 406 1361 441 die
1376 405 1481 453 vsque
1500 406 1590 441 deci-

171 499 264 521 mum
285 486 467 533 septimum
487 485 638 520 eiusdem
656 498 666 519 s
682 485 738 532 quj
760 485 837 519 sunt
855 486 1008 531 quinque
1027 484 1100 519 dies
1119 501 1129 518 s
1149 484 1365 532 capientibus
1383 485 1419 518 in
1445 484 1565 519 auenis
1579 498 1589 518 s

171 565 251 599 feno
272 577 283 598 s
302 576 391 611 pane
410 563 539 610 equino
561 577 571 597 s
592 568 626 597 et
645 562 749 597 feodo
768 563 887 610 stabulj
908 575 971 610 per
989 563 1123 597 dietum
1143 568 1280 610 tempus
1299 563 1405 596 xxxix
1425 568 1450 597 ἔ

748 640 891 675 Summa
908 646 1014 687 patet.

222 798 380 832 Dsscmo
409 808 572 832 sErTmo
592 796 786 832 Oc'romus
815 811 825 831 l
856 797 956 844 Rege
975 803 1178 832 remanente
1198 798 1233 831 in
1252 797 1485 833 Dunbertane
1506 813 1516 833 t
1537 812 1592 833 ex·
1620 809 1775 832 Dunbenanc.

172 877 250 922 pen’
270 875 371 922 super
388 875 542 921 quinque
562 875 658 921 equis
677 875 829 909 eiusdem
850 888 861 909 l
881 875 956 922 iiijor
976 875 1135 922 Magistrj
1156 875 1288 922 Stabulj
1312 890 1322 910 s
1343 876 1496 923 quinque
1516 877 1593 912 Ser-

172 955 327 988 uitorum
346 953 479 1000 Stabulj
497 966 508 987 s
522 952 659 987 duobus
677 952 836 1000 Magistrj
857 952 992 987 Auerie
1008 967 1019 988 s
1032 953 1143 988 tribus
1160 953 1287 1001 Clericj
1307 954 1565 1002 Compotorum
1582 970 1592 989 s

171 1033 192 1077 ij
203 1031 384 1078 Senescallj
399 1030 578 1078 Domicilij
590 1031 630 1078 fij
647 1030 794 1078 Robertj
809 1031 1050 1066 Giblnecnon
1064 1031 1338 1078 equisJohannis
1347 1032 1467 1080 Bayne
1480 1032 1593 1081 sump-

170 1115 306 1143 terman
321 1122 331 1143 ι
349 1109 617 1144 Abbreuiatoris
632 1109 890 1157 Compotorum
905 1123 916 1144 l
932 1115 966 1145 et
980 1123 1050 1145 vno
1066 1123 1155 1157 equo
1171 1110 1273 1159 Fabrj
1289 1128 1297 1145 l
1314 1114 1372 1158 quj
1388 1111 1466 1146 sunt
1480 1113 1516 1146 in
1531 1125 1593 1146 nu-

173 1199 269 1221 mero
289 1187 411 1234 vigintj
432 1186 490 1222 sex
508 1189 586 1234 equj
618 1204 628 1220 ι
659 1186 919 1222 remanentibus
945 1189 981 1223 in
1000 1188 1245 1224 Dumbertane
1263 1203 1283 1224 a
1302 1190 1398 1225 dieto
1417 1191 1472 1225 die
1490 1190 1595 1237 vtilue

174 1264 371 1299 riceiimum
387 1265 469 1312 dith
486 1264 609 1300 meniis
628 1264 800 1300 exclufiue
814 1280 825 1300 s
835 1266 891 1313 quj
905 1265 984 1301 sunt
997 1272 1068 1301 tres
1082 1267 1397 1314 diestcapientibus
1409 1269 1445 1303 in
1457 1270 1595 1304 aueniSJ

155 1384 157 1386 v
175 1345 254 1378 feno
276 1358 286 1377 s
305 1356 395 1390 pane
414 1344 542 1390 equino
563 1360 572 1377 l
593 1349 627 1378 et
644 1344 749 1378 feodo
768 1343 887 1391 stabulj
907 1357 970 1391 per
989 1344 1124 1379 dietum
1142 1351 1279 1393 tempus
1298 1347 1344 1393 liij
1365 1352 1379 1382 ἔ
1398 1347 1429 1394 vj
1449 1348 1483 1382 d.

631 1421 774 1456 Summa
790 1423 939 1469 pecunie
956 1423 1004 1470 liij
1025 1428 1040 1458 ἔ
1057 1423 1089 1470 vj
1109 1424 1143 1458 d.

223 1577 413 1611 VICESIMO
434 1576 626 1612 OCTOBRIS
655 1595 664 1611 s
696 1578 796 1626 Rege
815 1584 1019 1613 remanente
1046 1580 1080 1613 in
1109 1579 1302 1628 Striueling
1322 1595 1332 1615 l
1352 1583 1475 1630 expen’
1493 1583 1593 1631 super
1620 1592 1752 1620 Striueling·

174 1656 327 1702 quinque
340 1656 475 1701 [equis]
490 1655 636 1704 Dominj
647 1656 776 1703 Regisz
786 1657 860 1704 iiij0¹
872 1656 1030 1705 Magistrj
1045 1658 1177 1706 Stabulj
1188 1660 1359 1706 [quinque
1375 1661 1595 1697 Seruitorum

176 1733 308 1780 Stabulj
332 1750 342 1766 ι
363 1734 383 1780 ij
407 1732 563 1781 Magistrj
586 1735 720 1770 AuerIe
741 1752 750 1769 ι
771 1735 881 1770 tribus
909 1735 1038 1784 Clericj
1059 1736 1316 1785 Compotorum
1337 1752 1348 1773 l
1367 1740 1388 1786 ij
1411 1740 1593 1787 Senescallj

178 1812 286 1857 Regis
306 1824 316 1844 s
337 1812 357 1858 ij
380 1811 528 1859 Robertj
549 1812 621 1847 Gib
640 1814 804 1860 occupati
829 1813 931 1861 super
948 1814 1096 1862 strepam
1115 1816 1261 1864 Dominj
1284 1817 1393 1864 Regis
1413 1832 1423 1852 s
1443 1831 1482 1853 ac
1501 1820 1596 1865 equis

177 1889 196 1924 J
202 1889 348 1923 ohannis
367 1889 464 1924 Bane
482 1890 721 1938 sumpterman
734 1905 745 1926 s
762 1892 863 1939 Fabrj
879 1906 889 1926 s
906 1898 940 1926 et
956 1893 1222 1928 Abbreuiatoris
1235 1895 1493 1942 Compotorum
1510 1911 1520 1930 l
1537 1900 1595 1945 quj

178 1966 254 2000 sunt
274 1967 309 2000 in
328 1979 476 2001 numero
495 1969 618 2016 vigintj
634 1970 691 2004 sex
706 1972 784 2017 equj
802 1987 812 2003 ι
830 1972 1096 2006 remanentibus
1114 1973 1243 2008 ibidem
1258 1979 1297 2019 [a
1311 1975 1407 2010 dieto
1421 1976 1476 2011 die
1489 1977 1599 2012 inclu-

178 2043 266 2086 fiue]
285 2044 388 2090 vsque
407 2045 559 2092 primum
579 2046 794 2082 Nouembris
813 2049 985 2086 exclufiue
1006 2065 1017 2086 l
1036 2055 1094 2100 quj
1124 2053 1203 2088 sunt
1222 2054 1407 2090 duodecim
1426 2057 1499 2092 dies
1518 2072 1529 2092 l
1549 2071 1601 2093 ca-

178 2121 352 2168 pientibus
366 2135 430 2169 pro
446 2124 565 2158 auenis
581 2141 591 2157 l
608 2124 689 2159 feno
706 2138 717 2159 s
734 2132 768 2160 et
783 2139 873 2173 pane
889 2129 1016 2174 equino
1030 2143 1093 2177 per
1104 2131 1197 2166 idem
1209 2137 1347 2180 tempus
1363 2148 1374 2168 s
1387 2135 1602 2182 capientibus

184 2277 291 2323 Regis
311 2290 322 2311 s
342 2290 445 2324 quem
471 2278 586 2314 seruat
606 2280 784 2317 Robertus
813 2282 958 2320 Purwes
989 2299 1000 2320 t
1032 2294 1236 2324 remanente
1254 2291 1290 2324 in
1309 2290 1502 2339 Striueling
1526 2293 1599 2339 post
