1861 2703
58 367 152 389 Multos.

66 1031 211 1060 Edinburgh.

66 1098 171 1126 stirling.

71 1570 145 1592 Perrh.

68 1602 162 1624 Duude.

70 1635 183 1656 Moutros.

74 2093 178 2121 stirling.

75 2358 174 2386 (ilstsqw.

237 270 283 301 212
823 268 1104 304 APPENDIX.
1541 273 1644 305 1533.

278 363 344 392 Dm.
366 362 489 392 Simorm
508 363 581 393 xxvi
600 363 721 405 Aprilis.

280 429 345 458 Dm
367 428 490 458 Sinon
507 429 592 459 xxvii
610 429 733 470 Aprilis.
782 429 831 460 Ex
856 429 935 461 dono
964 430 1092 461 Abbatis
1119 429 1155 460 de
1183 429 1298 461 Melros
1317 431 1330 472 j
1359 431 1531 473 carcagium
1554 438 1647 462 merte

236 500 331 536 paste,
345 495 357 535 j
374 493 487 524 vitulus
503 505 641 536 magnus,
659 494 701 525 xii
717 506 857 537 capones,
874 495 926 526 viii
942 495 1094 537 plumarii,
1106 496 1119 536 j
1136 494 1235 537 gallus
1251 496 1348 537 niger,
1372 497 1392 537 ij
1418 508 1492 528 auce
1513 508 1647 538 campes-

238 568 306 597 tres,
331 560 349 600 ij
367 559 516 590 dottralis.

280 626 346 667 Dm
363 625 462 656 LUNE
479 625 575 656 xxvi3³
595 626 720 668 Aprilis.
764 627 793 667 vj
810 627 894 668 agni,
922 626 942 667 ij
958 637 1089 669 capones
1104 627 1183 669 pasti
1211 637 1266 668 per
1290 627 1468 659 Priorissam
1482 628 1521 659 de
1539 628 1652 659 Cauld-

239 700 360 723 Simme.

282 758 351 788 Dm
370 757 504 788 MARTts
522 758 596 788 xxix
614 757 738 800 ApxiJis.
781 758 800 799 ij
818 769 892 789 auce
907 763 1098 800 campestres,
1116 758 1144 799 vj
1160 769 1233 789 aues
1247 758 1385 795 morales,
1401 759 1431 800 vj
1448 758 1587 800 pluuias-ii
1603 769 1656 800 per

242 824 411 854 Dominum
426 823 463 854 de
482 823 586 854 Hume
598 835 607 859 3
630 824 650 865 ij
667 829 773 865 quarte
788 829 884 855 merte
899 830 984 865 peste
999 835 1054 866 per
1070 824 1223 855 Abbatem
1238 824 1275 855 de
1293 824 1420 855 Meiros.

526 890 652 921 Summa
666 890 768 922 totalis
783 890 894 921 mensis
912 890 1026 931 Aprilis
1040 890 1085 932 iijc
1098 890 1196 921 lxxxx
1211 890 1234 921 ii
1249 901 1269 920 x
1285 894 1296 920 ἒ
1313 901 1332 920 v
1347 893 1376 920 d.

1364 955 1446 979 Tenet.

286 1022 352 1052 Dm
370 1021 471 1052 Joms
488 1023 498 1053 i
516 1022 604 1054 Maii.

285 1088 351 1118 Dm
369 1087 522 1119 VENERIS
537 1088 558 1119 ii
576 1088 665 1119 Maii.
713 1089 800 1130 Rege
815 1089 944 1119 absenti.

286 1154 354 1183 Dm
373 1153 468 1184 me
485 1164 504 1184 v
521 1153 609 1184 Maii.
653 1153 694 1194 iiij
712 1164 842 1195 capones
857 1154 946 1195 pasti,
964 1153 993 1194 vj
1010 1153 1081 1195 agni
1097 1164 1150 1194 per
1167 1152 1346 1184 Priorissam
1360 1153 1398 1184 de
1415 1152 1636 1184 Cauldstreme.

287 1220 356 1250 Dm
375 1219 521 1250 VENERIS
548 1219 579 1249 ix
608 1219 696 1250 Maii.
767 1219 845 1250 Item
869 1219 902 1250 in
928 1219 1065 1251 coctione
1089 1219 1218 1261 piscium
1243 1225 1377 1260 tempore
1402 1218 1654 1260 quadragesimali

246 1287 341 1316 lxxxx
358 1285 458 1327 lagine
474 1285 493 1326 ij
511 1291 617 1327 quarte
633 1285 769 1316 ceruisie.

288 1352 357 1382 Dm
374 1351 507 1381 Man-ns
523 1350 577 1382 xiii
595 1351 683 1382 Maii.
726 1351 746 1392 ij
763 1362 849 1389 auce,
865 1352 917 1393 xxj
934 1350 1070 1383 dottralis
1084 1361 1138 1392 per
1155 1350 1342 1393 Episcopum
1359 1349 1594 1381 Morauiensem.

289 1417 354 1447 Du:
372 1416 467 1447 Lam:
481 1416 535 1447 xix
552 1416 641 1448 Maii.
686 1417 881 1456 Rogat-iones.

289 1483 357 1513 Dm
373 1482 391 1513 J
395 1493 470 1513 oms
485 1482 550 1513 xxii
568 1482 656 1513 Maii.
704 1482 809 1513 Intrat’
825 1483 853 1523 vj
871 1482 969 1513 celdre
984 1483 1026 1524 xij
1043 1482 1123 1513 bolle
1139 1482 1221 1513 ordei
1236 1482 1273 1513 de
1291 1482 1350 1513 Fif.

290 1550 359 1579 Du:
379 1548 532 1579 VENssms
547 1548 623 1579 xxix
640 1547 729 1579 Maii.
777 1547 919 1589 Expense
936 1547 1062 1579 Domini
1077 1547 1174 1589 Regis
1187 1547 1370 1578 remanentis
1381 1547 1462 1589 apud
1478 1547 1610 1589 burgum
1623 1548 1661 1577 de

250 1615 353 1653 Perth,
370 1614 496 1652 Dunde,
512 1620 543 1645 et
559 1614 712 1651 Montros,
728 1625 747 1645 a
761 1613 810 1644 die
830 1613 937 1644 Saboti
951 1613 1028 1654 xvij⁰
1044 1612 1123 1644 Maii
1137 1612 1283 1643 inclusiue
1298 1613 1329 1643 in
1344 1623 1420 1644 cena
1434 1623 1528 1654 vsque
1545 1611 1655 1654 [diem]

250 1681 378 1713 Veneris
393 1686 571 1722 sequentem
585 1680 617 1710 in
632 1679 758 1722 prandio
772 1678 864 1711 etiam
878 1678 1035 1710 inclusiue.
1082 1678 1185 1720 Empt’
1197 1678 1228 1708 in
1238 1677 1378 1720 panibus,
1391 1677 1527 1715 ceruisia,
1540 1678 1653 1714 mertis,

246 1747 432 1784 mutonibus‚
449 1745 626 1788 caponibus,
649 1745 780 1787 pultriis‚
802 1744 895 1787 pullis
908 1744 1100 1787 gallinarum,
1123 1743 1256 1786 piscibus
1271 1743 1390 1784 magnis
1405 1748 1436 1774 et
1452 1742 1563 1785 paruis,
1577 1742 1658 1779 vino,

246 1813 389 1851 candelis,
405 1811 596 1849 carbonibus,
612 1811 724 1849 butiro,
740 1810 909 1853 speciebus,
932 1809 1046 1852 pabulo
1061 1820 1219 1851 equorum,
1242 1814 1274 1840 et
1297 1808 1437 1840 omnibus
1452 1808 1518 1840 aliis
1537 1808 1661 1839 minutis

246 1879 396 1921 expensis,
421 1884 454 1909 vt
468 1883 552 1919 patet
567 1877 598 1908 in
613 1875 739 1907 diuersis
754 1875 869 1907 cedulis
883 1875 1031 1907 dictarum
1046 1885 1247 1916 expensarum
1273 1873 1385 1905 Clerici
1407 1873 1534 1904 Domini
1563 1873 1662 1904 Rotu—

246 1945 348 1976 latoris
373 1943 593 1986 particulariter
617 1941 798 1973 examinatis
824 1952 917 1984 super
945 1941 1132 1982 Compotum
1157 1950 1258 1971 coram
1283 1939 1472 1970 auditoribus
1502 1939 1656 1981 Compoti,

246 2010 391 2053 magistro
406 2009 549 2041 domicilii
562 2013 712 2051 presente,
729 2013 760 2040 et
774 2007 943 2039 extendunt
958 2006 989 2037 in
1004 2006 1132 2048 pecunia
1146 2006 1201 2038 lxx
1214 2005 1239 2035 fi
1252 2005 1285 2036 ix
1300 2009 1312 2035 ἒ
1329 2006 1358 2046 vj
1375 2007 1404 2037 d.

292 2076 361 2106 Du:
380 2076 524 2106 Vmuems
539 2074 616 2106 xxxi
633 2073 723 2105 Maii.

564 2141 690 2171 Summa
704 2138 806 2171 totalis
820 2138 932 2169 mensis
949 2138 1027 2170 Maii
1042 2138 1075 2178 ij⁰
1090 2138 1142 2178 xxj
1158 2137 1181 2167 fi
1197 2148 1239 2167 xv
1254 2140 1267 2166 Ξ
1282 2137 1302 2178 ij
1318 2138 1348 2166 d.

1352 2201 1434 2224 Tenet.

294 2276 362 2306 Dm
378 2274 558 2305 D0M1N1co
573 2272 584 2303 i
599 2271 694 2303 Junii.
737 2271 857 2302 Festum
870 2270 1087 2303 Penthea-ostes.
1126 2271 1139 2312 j
1156 2269 1271 2301 rabuke
1286 2280 1338 2311 per
1356 2267 1399 2300 G.
1418 2268 1532 2299 Hume-

295 2342 364 2371 Dm
380 2340 555 2371 Mencumx
576 2337 609 2369 xi
631 2336 726 2368 Junii.
774 2336 875 2367 Hodie
902 2335 1053 2367 Dominus
1082 2334 1152 2366 Rex
1174 2332 1324 2375 equitauit
1349 2332 1387 2364 de
1413 2331 1540 2373 Stirling
1555 2341 1657 2362 versus
