<?xml version="1.0" encoding="UTF-8"?>
<!DOCTYPE html PUBLIC "-//W3C//DTD XHTML 1.0 Transitional//EN"
    "http://www.w3.org/TR/xhtml1/DTD/xhtml1-transitional.dtd">
<html xmlns="http://www.w3.org/1999/xhtml" xml:lang="en" lang="en">
 <head>
  <title>
</title>
<meta http-equiv="Content-Type" content="text/html;charset=utf-8" />
  <meta name='ocr-system' content='tesseract 3.04.00' />
  <meta name='ocr-capabilities' content='ocr_page ocr_carea ocr_par ocr_line ocrx_word'/>
</head>
<body>
  <div class='ocr_page' id='page_1' title='image "./excerptaelibrisd00bann_0257.png"; bbox 0 0 1861 2703; ppageno 0'>
   <div class='ocr_carea' id='block_1_1' title="bbox 206 210 1626 252">
    <p class='ocr_par' dir='ltr' id='par_1_1' title="bbox 206 210 1626 252">
     <span class='ocr_line' id='line_1_1' title="bbox 206 210 1626 252; baseline 0.004 -8"><span class='ocrx_word' id='word_1_1' title='bbox 206 213 308 249; x_wconf 60' lang='lat'><strong>15029.</strong></span> <span class='ocrx_word' id='word_1_2' title='bbox 684 210 840 246; x_wconf 81' lang='lat' dir='ltr'>REGIS</span> <span class='ocrx_word' id='word_1_3' title='bbox 866 211 1056 246; x_wconf 81' lang='lat' dir='ltr'>JACOBI</span> <span class='ocrx_word' id='word_1_4' title='bbox 1085 212 1129 245; x_wconf 82' lang='lat' dir='ltr'><strong>V.</strong></span> <span class='ocrx_word' id='word_1_5' title='bbox 1556 217 1626 252; x_wconf 66' lang='lat'>‘219</span> 
     </span>
    </p>
   </div>
   <div class='ocr_carea' id='block_1_2' title="bbox 199 307 1784 1212">
    <p class='ocr_par' dir='ltr' id='par_1_2' title="bbox 201 307 1784 669">
     <span class='ocr_line' id='line_1_2' title="bbox 202 307 1622 355; baseline 0 -14"><span class='ocrx_word' id='word_1_6' title='bbox 202 307 345 341; x_wconf 80' lang='lat' dir='ltr'>Summa</span> <span class='ocrx_word' id='word_1_7' title='bbox 364 319 384 340; x_wconf 96' lang='lat' dir='ltr'>v</span> <span class='ocrx_word' id='word_1_8' title='bbox 400 307 425 342; x_wconf 79' lang='grc' dir='ltr'>Ῐί</span> <span class='ocrx_word' id='word_1_9' title='bbox 444 307 512 353; x_wconf 84' lang='lat' dir='ltr'>xvij</span> <span class='ocrx_word' id='word_1_10' title='bbox 533 312 547 342; x_wconf 71' lang='grc' dir='ltr'>ἔ</span> <span class='ocrx_word' id='word_1_11' title='bbox 566 308 610 354; x_wconf 82' lang='lat' dir='ltr'><strong>vij</strong></span> <span class='ocrx_word' id='word_1_12' title='bbox 630 308 654 342; x_wconf 89' lang='lat' dir='ltr'>d</span> <span class='ocrx_word' id='word_1_13' title='bbox 674 321 684 341; x_wconf 79' lang='lat' dir='ltr'><em>s</em></span> <span class='ocrx_word' id='word_1_14' title='bbox 705 313 739 341; x_wconf 85' lang='lat' dir='ltr'><strong>et</strong></span> <span class='ocrx_word' id='word_1_15' title='bbox 758 308 883 354; x_wconf 83' lang='lat' dir='ltr'><strong>expen&#39;</strong></span> <span class='ocrx_word' id='word_1_16' title='bbox 911 321 922 342; x_wconf 78' lang='lat' dir='ltr'><strong><em>s</em></strong></span> <span class='ocrx_word' id='word_1_17' title='bbox 952 308 1044 342; x_wconf 82' lang='lat' dir='ltr'><strong>Item</strong></span> <span class='ocrx_word' id='word_1_18' title='bbox 1064 308 1196 355; x_wconf 86' lang='lat' dir='ltr'><strong>empt&#39;j</strong></span> <span class='ocrx_word' id='word_1_19' title='bbox 1214 314 1338 354; x_wconf 80' lang='lat' dir='ltr'><strong>quarta</strong></span> <span class='ocrx_word' id='word_1_20' title='bbox 1349 314 1460 343; x_wconf 87' lang='lat' dir='ltr'><strong>merte</strong></span> <span class='ocrx_word' id='word_1_21' title='bbox 1472 310 1622 344; x_wconf 69' lang='lat' dir='ltr'><strong>recentis</strong></span> 
     </span>
     <span class='ocr_line' id='line_1_3' title="bbox 201 384 1030 432; baseline 0.004 -15"><span class='ocrx_word' id='word_1_22' title='bbox 201 385 233 431; x_wconf 65' lang='lat' dir='ltr'><strong>vj</strong></span> <span class='ocrx_word' id='word_1_23' title='bbox 253 390 268 419; x_wconf 73' lang='grc' dir='ltr'><em>ἒ</em></span> <span class='ocrx_word' id='word_1_24' title='bbox 287 402 296 417; x_wconf 75' lang='lat' dir='ltr'><em>s</em></span> <span class='ocrx_word' id='word_1_25' title='bbox 317 390 351 418; x_wconf 87' lang='lat' dir='ltr'><strong>et</strong></span> <span class='ocrx_word' id='word_1_26' title='bbox 370 388 495 431; x_wconf 83' lang='lat' dir='ltr'><strong>expcu&#39;</strong></span> <span class='ocrx_word' id='word_1_27' title='bbox 515 385 551 418; x_wconf 84' lang='lat' dir='ltr'><strong>in</strong></span> <span class='ocrx_word' id='word_1_28' title='bbox 572 384 765 431; x_wconf 83' lang='lat' dir='ltr'><strong>Linlithqw</strong></span> <span class='ocrx_word' id='word_1_29' title='bbox 786 398 797 419; x_wconf 85' lang='lat' dir='ltr'><em>l</em></span> <span class='ocrx_word' id='word_1_30' title='bbox 817 390 852 419; x_wconf 88' lang='lat' dir='ltr'><strong>et</strong></span> <span class='ocrx_word' id='word_1_31' title='bbox 869 384 913 419; x_wconf 88' lang='lat' dir='ltr'><strong>fic</strong></span> <span class='ocrx_word' id='word_1_32' title='bbox 932 399 1030 432; x_wconf 80' lang='lat' dir='ltr'><strong>eque.</strong></span> 
     </span>
     <span class='ocr_line' id='line_1_4' title="bbox 656 464 1160 511; baseline 0 -14"><span class='ocrx_word' id='word_1_33' title='bbox 656 464 800 498; x_wconf 85' lang='lat' dir='ltr'>Summa</span> <span class='ocrx_word' id='word_1_34' title='bbox 817 464 899 510; x_wconf 84' lang='lat' dir='ltr'>xviij</span> <span class='ocrx_word' id='word_1_35' title='bbox 920 464 943 498; x_wconf 68' lang='lat' dir='ltr'><strong>ii</strong></span> <span class='ocrx_word' id='word_1_36' title='bbox 962 465 1021 498; x_wconf 85' lang='lat' dir='ltr'><strong>xix</strong></span> <span class='ocrx_word' id='word_1_37' title='bbox 1040 468 1055 499; x_wconf 73' lang='grc' dir='ltr'><strong>Ξ·</strong></span> <span class='ocrx_word' id='word_1_38' title='bbox 1073 464 1106 511; x_wconf 89' lang='lat' dir='ltr'><strong>iij</strong></span> <span class='ocrx_word' id='word_1_39' title='bbox 1126 465 1160 499; x_wconf 80' lang='lat' dir='ltr'><strong>d.</strong></span> 
     </span>
     <span class='ocr_line' id='line_1_5' title="bbox 1005 560 1008 577; baseline 0 0"><span class='ocrx_word' id='word_1_40' title='bbox 1005 560 1008 577; x_wconf 73' lang='lat' dir='ltr'><strong>t</strong></span> 
     </span>
     <span class='ocr_line' id='line_1_6' title="bbox 252 618 1784 669; baseline -0.001 -15"><span class='ocrx_word' id='word_1_41' title='bbox 252 625 333 654; x_wconf 85' lang='lat' dir='ltr'><strong>DIE</strong></span> <span class='ocrx_word' id='word_1_42' title='bbox 358 625 485 655; x_wconf 86' lang='lat' dir='ltr'>LUNE</span> <span class='ocrx_word' id='word_1_43' title='bbox 512 632 583 653; x_wconf 88' lang='lat' dir='ltr'><strong>xxv</strong></span> <span class='ocrx_word' id='word_1_44' title='bbox 610 618 789 654; x_wconf 53' lang='lat' dir='ltr'><strong>Obtobris.</strong></span> <span class='ocrx_word' id='word_1_45' title='bbox 843 626 1089 657; x_wconf 79' lang='lat' dir='ltr'><strong>PANETRIA.</strong></span> <span class='ocrx_word' id='word_1_46' title='bbox 1146 621 1203 655; x_wconf 84' lang='lat' dir='ltr'><strong>De</strong></span> <span class='ocrx_word' id='word_1_47' title='bbox 1228 622 1428 668; x_wconf 77' lang='lat' dir='ltr'><strong>preintratis</strong></span> <span class='ocrx_word' id='word_1_48' title='bbox 1457 635 1468 656; x_wconf 77' lang='lat' dir='ltr'><strong><em>s</em></strong></span> <span class='ocrx_word' id='word_1_49' title='bbox 1496 625 1619 669; x_wconf 86' lang='lat' dir='ltr'><strong>expen&#39;</strong></span> <span class='ocrx_word' id='word_1_50' title='bbox 1639 633 1784 661; x_wconf 61' lang='lat' dir='ltr'><strong>ild-iuburgh.</strong></span> 
     </span>
    </p>

    <p class='ocr_par' dir='ltr' id='par_1_3' title="bbox 199 697 1622 1212">
     <span class='ocr_line' id='line_1_7' title="bbox 200 697 1621 747; baseline 0.004 -16"><span class='ocrx_word' id='word_1_51' title='bbox 200 698 236 731; x_wconf 87' lang='lat' dir='ltr'><strong>in</strong></span> <span class='ocrx_word' id='word_1_52' title='bbox 271 698 419 744; x_wconf 85' lang='lat' dir='ltr'>prandio</span> <span class='ocrx_word' id='word_1_53' title='bbox 450 698 556 732; x_wconf 81' lang='lat' dir='ltr'>lxxxv</span> <span class='ocrx_word' id='word_1_54' title='bbox 587 710 694 745; x_wconf 84' lang='lat' dir='ltr'><strong>panes</strong></span> <span class='ocrx_word' id='word_1_55' title='bbox 736 711 746 731; x_wconf 86' lang='lat' dir='ltr'><em>l</em></span> <span class='ocrx_word' id='word_1_56' title='bbox 786 704 821 732; x_wconf 84' lang='lat' dir='ltr'><strong>et</strong></span> <span class='ocrx_word' id='word_1_57' title='bbox 847 697 890 732; x_wconf 87' lang='lat' dir='ltr'><strong>fic</strong></span> <span class='ocrx_word' id='word_1_58' title='bbox 916 699 1044 734; x_wconf 77' lang='lat' dir='ltr'><strong>restant</strong></span> <span class='ocrx_word' id='word_1_59' title='bbox 1070 700 1151 747; x_wconf 66' lang='lat' dir='ltr'>iiijffl</span> <span class='ocrx_word' id='word_1_60' title='bbox 1177 700 1213 746; x_wconf 82' lang='lat' dir='ltr'><strong>ijc</strong></span> <span class='ocrx_word' id='word_1_61' title='bbox 1237 700 1331 747; x_wconf 85' lang='lat' dir='ltr'>xxiiij</span> <span class='ocrx_word' id='word_1_62' title='bbox 1363 713 1481 747; x_wconf 83' lang='lat' dir='ltr'><strong>paneS.</strong></span> <span class='ocrx_word' id='word_1_63' title='bbox 1545 707 1621 737; x_wconf 91' lang='lat' dir='ltr'><strong>BU-</strong></span> 
     </span>
     <span class='ocr_line' id='line_1_8' title="bbox 201 775 1621 826; baseline 0.002 -15"><span class='ocrx_word' id='word_1_64' title='bbox 201 781 416 811; x_wconf 80' lang='lat' dir='ltr'><strong>TELARIA.</strong></span> <span class='ocrx_word' id='word_1_65' title='bbox 470 775 605 823; x_wconf 84' lang='lat' dir='ltr'><strong>Expen&#39;</strong></span> <span class='ocrx_word' id='word_1_66' title='bbox 633 776 690 823; x_wconf 90' lang='lat' dir='ltr'><strong>xxj</strong></span> <span class='ocrx_word' id='word_1_67' title='bbox 719 775 862 823; x_wconf 82' lang='lat' dir='ltr'><strong>laginej</strong></span> <span class='ocrx_word' id='word_1_68' title='bbox 883 783 1007 823; x_wconf 84' lang='lat' dir='ltr'><strong>quarta</strong></span> <span class='ocrx_word' id='word_1_69' title='bbox 1032 777 1172 813; x_wconf 86' lang='lat' dir='ltr'><strong>ceruifie</strong></span> <span class='ocrx_word' id='word_1_70' title='bbox 1201 792 1212 812; x_wconf 75' lang='lat' dir='ltr'><strong><em>s</em></strong></span> <span class='ocrx_word' id='word_1_71' title='bbox 1241 784 1275 812; x_wconf 84' lang='lat' dir='ltr'><strong>et</strong></span> <span class='ocrx_word' id='word_1_72' title='bbox 1306 777 1349 813; x_wconf 84' lang='lat' dir='ltr'><strong>fic</strong></span> <span class='ocrx_word' id='word_1_73' title='bbox 1374 779 1502 813; x_wconf 82' lang='lat' dir='ltr'><strong>restant</strong></span> <span class='ocrx_word' id='word_1_74' title='bbox 1528 781 1621 826; x_wconf 85' lang='lat' dir='ltr'>apud</span> 
     </span>
     <span class='ocr_line' id='line_1_9' title="bbox 202 853 1622 903; baseline 0.003 -16"><span class='ocrx_word' id='word_1_75' title='bbox 202 853 410 899; x_wconf 83' lang='lat' dir='ltr'>Edinburgh</span> <span class='ocrx_word' id='word_1_76' title='bbox 424 855 451 900; x_wconf 79' lang='lat' dir='ltr'><strong>jc</strong></span> <span class='ocrx_word' id='word_1_77' title='bbox 469 854 594 900; x_wconf 76' lang='lat' dir='ltr'>lxxxxj</span> <span class='ocrx_word' id='word_1_78' title='bbox 616 854 731 899; x_wconf 85' lang='lat' dir='ltr'>lagine</span> <span class='ocrx_word' id='word_1_79' title='bbox 750 853 902 889; x_wconf 86' lang='lat' dir='ltr'><strong>ceruifie.</strong></span> <span class='ocrx_word' id='word_1_80' title='bbox 956 861 1170 897; x_wconf 83' lang='lat' dir='ltr'><strong>COQUINA.</strong></span> <span class='ocrx_word' id='word_1_81' title='bbox 1213 856 1270 890; x_wconf 85' lang='lat' dir='ltr'><strong>De</strong></span> <span class='ocrx_word' id='word_1_82' title='bbox 1289 857 1489 903; x_wconf 84' lang='lat' dir='ltr'><strong>preintratis</strong></span> <span class='ocrx_word' id='word_1_83' title='bbox 1521 870 1532 890; x_wconf 79' lang='lat' dir='ltr'><em>s</em></span> <span class='ocrx_word' id='word_1_84' title='bbox 1565 870 1622 891; x_wconf 85' lang='lat' dir='ltr'><strong>ex-</strong></span> 
     </span>
     <span class='ocr_line' id='line_1_10' title="bbox 199 932 1621 983; baseline 0.004 -18"><span class='ocrx_word' id='word_1_85' title='bbox 199 932 306 979; x_wconf 87' lang='lat' dir='ltr'><strong>pen&#39;j</strong></span> <span class='ocrx_word' id='word_1_86' title='bbox 326 937 438 965; x_wconf 86' lang='lat' dir='ltr'><strong>merta</strong></span> <span class='ocrx_word' id='word_1_87' title='bbox 455 935 473 973; x_wconf 56' lang='grc' dir='ltr'><strong>ὲ</strong></span> <span class='ocrx_word' id='word_1_88' title='bbox 492 938 615 977; x_wconf 84' lang='lat' dir='ltr'><strong>quarta</strong></span> <span class='ocrx_word' id='word_1_89' title='bbox 635 944 646 965; x_wconf 75' lang='lat' dir='ltr'><strong><em>s</em></strong></span> <span class='ocrx_word' id='word_1_90' title='bbox 665 932 697 977; x_wconf 90' lang='lat' dir='ltr'><strong>vj</strong></span> <span class='ocrx_word' id='word_1_91' title='bbox 720 937 883 966; x_wconf 81' lang='lat' dir='ltr'><strong>mutones</strong></span> <span class='ocrx_word' id='word_1_92' title='bbox 900 933 922 978; x_wconf 88' lang='lat' dir='ltr'><strong>ij</strong></span> <span class='ocrx_word' id='word_1_93' title='bbox 943 941 1066 978; x_wconf 79' lang='lat' dir='ltr'><strong>quarte</strong></span> <span class='ocrx_word' id='word_1_94' title='bbox 1086 946 1097 967; x_wconf 78' lang='lat' dir='ltr'><strong>t</strong></span> <span class='ocrx_word' id='word_1_95' title='bbox 1117 939 1152 967; x_wconf 83' lang='lat' dir='ltr'><strong>et</strong></span> <span class='ocrx_word' id='word_1_96' title='bbox 1178 932 1221 967; x_wconf 88' lang='lat' dir='ltr'><strong>fic</strong></span> <span class='ocrx_word' id='word_1_97' title='bbox 1248 946 1335 980; x_wconf 83' lang='lat' dir='ltr'>eque</span> <span class='ocrx_word' id='word_1_98' title='bbox 1365 948 1376 968; x_wconf 80' lang='lat' dir='ltr'><em>s</em></span> <span class='ocrx_word' id='word_1_99' title='bbox 1406 934 1496 969; x_wconf 85' lang='lat' dir='ltr'><strong>Item</strong></span> <span class='ocrx_word' id='word_1_100' title='bbox 1515 937 1621 983; x_wconf 83' lang='lat' dir='ltr'><strong>empt’</strong></span> 
     </span>
     <span class='ocr_line' id='line_1_11' title="bbox 200 1009 1619 1060; baseline 0.004 -18"><span class='ocrx_word' id='word_1_101' title='bbox 200 1010 222 1056; x_wconf 88' lang='lat' dir='ltr'><strong>ij</strong></span> <span class='ocrx_word' id='word_1_102' title='bbox 243 1022 392 1056; x_wconf 84' lang='lat' dir='ltr'><strong>capones</strong></span> <span class='ocrx_word' id='word_1_103' title='bbox 412 1023 423 1043; x_wconf 79' lang='lat' dir='ltr'><em>s</em></span> <span class='ocrx_word' id='word_1_104' title='bbox 442 1009 463 1056; x_wconf 83' lang='lat' dir='ltr'><strong>ij</strong></span> <span class='ocrx_word' id='word_1_105' title='bbox 483 1009 600 1056; x_wconf 85' lang='lat' dir='ltr'><strong>pultre</strong></span> <span class='ocrx_word' id='word_1_106' title='bbox 621 1022 631 1043; x_wconf 87' lang='lat' dir='ltr'><em>l</em></span> <span class='ocrx_word' id='word_1_107' title='bbox 651 1009 672 1055; x_wconf 87' lang='lat' dir='ltr'><strong>ij</strong></span> <span class='ocrx_word' id='word_1_108' title='bbox 693 1009 856 1056; x_wconf 82' lang='lat' dir='ltr'>pluuiarij</span> <span class='ocrx_word' id='word_1_109' title='bbox 879 1023 889 1043; x_wconf 76' lang='lat' dir='ltr'><em>s</em></span> <span class='ocrx_word' id='word_1_110' title='bbox 909 1015 944 1044; x_wconf 86' lang='lat' dir='ltr'><strong>et</strong></span> <span class='ocrx_word' id='word_1_111' title='bbox 963 1010 998 1044; x_wconf 82' lang='lat' dir='ltr'><strong>in</strong></span> <span class='ocrx_word' id='word_1_112' title='bbox 1017 1011 1126 1045; x_wconf 82' lang='lat' dir='ltr'><strong>ordeo</strong></span> <span class='ocrx_word' id='word_1_113' title='bbox 1147 1025 1158 1045; x_wconf 84' lang='lat' dir='ltr'><em>l</em></span> <span class='ocrx_word' id='word_1_114' title='bbox 1178 1012 1265 1058; x_wconf 82' lang='lat' dir='ltr'>varij</span> <span class='ocrx_word' id='word_1_115' title='bbox 1285 1013 1391 1060; x_wconf 81' lang='lat' dir='ltr'><strong>precij</strong></span> <span class='ocrx_word' id='word_1_116' title='bbox 1413 1026 1424 1047; x_wconf 77' lang='lat' dir='ltr'><em>t</em></span> <span class='ocrx_word' id='word_1_117' title='bbox 1444 1013 1475 1060; x_wconf 90' lang='lat' dir='ltr'><strong>vj</strong></span> <span class='ocrx_word' id='word_1_118' title='bbox 1496 1019 1511 1049; x_wconf 74' lang='grc' dir='ltr'><strong>ἔ</strong></span> <span class='ocrx_word' id='word_1_119' title='bbox 1529 1014 1549 1060; x_wconf 90' lang='lat' dir='ltr'><strong>ij</strong></span> <span class='ocrx_word' id='word_1_120' title='bbox 1570 1015 1594 1049; x_wconf 82' lang='lat' dir='ltr'><strong>d</strong></span> <span class='ocrx_word' id='word_1_121' title='bbox 1609 1029 1619 1048; x_wconf 84' lang='lat' dir='ltr'><em>l</em></span> 
     </span>
     <span class='ocr_line' id='line_1_12' title="bbox 203 1086 1618 1139; baseline 0.004 -17"><span class='ocrx_word' id='word_1_122' title='bbox 203 1088 294 1122; x_wconf 84' lang='lat' dir='ltr'><strong>Item</strong></span> <span class='ocrx_word' id='word_1_123' title='bbox 313 1088 437 1135; x_wconf 85' lang='lat' dir='ltr'><strong>expen’</strong></span> <span class='ocrx_word' id='word_1_124' title='bbox 456 1087 502 1134; x_wconf 85' lang='lat' dir='ltr'>iiij</span> <span class='ocrx_word' id='word_1_125' title='bbox 523 1087 610 1122; x_wconf 87' lang='lat' dir='ltr'><strong>libre</strong></span> <span class='ocrx_word' id='word_1_126' title='bbox 628 1087 733 1134; x_wconf 82' lang='lat' dir='ltr'><strong>butirj</strong></span> <span class='ocrx_word' id='word_1_127' title='bbox 756 1101 767 1121; x_wconf 78' lang='lat' dir='ltr'><em>s</em></span> <span class='ocrx_word' id='word_1_128' title='bbox 787 1093 822 1122; x_wconf 82' lang='lat' dir='ltr'><strong>et</strong></span> <span class='ocrx_word' id='word_1_129' title='bbox 839 1086 881 1122; x_wconf 86' lang='lat' dir='ltr'><strong>fic</strong></span> <span class='ocrx_word' id='word_1_130' title='bbox 901 1088 1028 1123; x_wconf 78' lang='lat' dir='ltr'><strong>restant</strong></span> <span class='ocrx_word' id='word_1_131' title='bbox 1047 1090 1140 1136; x_wconf 84' lang='lat' dir='ltr'>apud</span> <span class='ocrx_word' id='word_1_132' title='bbox 1163 1089 1373 1137; x_wconf 84' lang='lat' dir='ltr'><strong>Edinburgh</strong></span> <span class='ocrx_word' id='word_1_133' title='bbox 1391 1104 1437 1126; x_wconf 90' lang='lat' dir='ltr'><strong>xv</strong></span> <span class='ocrx_word' id='word_1_134' title='bbox 1455 1098 1553 1139; x_wconf 82' lang='lat' dir='ltr'><strong>petre</strong></span> <span class='ocrx_word' id='word_1_135' title='bbox 1572 1093 1618 1139; x_wconf 86' lang='lat' dir='ltr'>iiij</span> 
     </span>
     <span class='ocr_line' id='line_1_13' title="bbox 201 1166 424 1212; baseline -0.004 -12"><span class='ocrx_word' id='word_1_136' title='bbox 201 1166 288 1200; x_wconf 82' lang='lat' dir='ltr'><strong>libre</strong></span> <span class='ocrx_word' id='word_1_137' title='bbox 309 1166 424 1212; x_wconf 82' lang='lat' dir='ltr'><strong>butirj.</strong></span> 
     </span>
    </p>
   </div>
   <div class='ocr_carea' id='block_1_3' title="bbox 748 1244 1072 1291">
    <p class='ocr_par' dir='ltr' id='par_1_4' title="bbox 748 1244 1072 1291">
     <span class='ocr_line' id='line_1_14' title="bbox 748 1244 1072 1291; baseline 0.003 -14"><span class='ocrx_word' id='word_1_138' title='bbox 748 1244 892 1278; x_wconf 82' lang='lat' dir='ltr'>Summa</span> <span class='ocrx_word' id='word_1_139' title='bbox 909 1246 942 1290; x_wconf 84' lang='lat' dir='ltr'><strong>vj</strong></span> <span class='ocrx_word' id='word_1_140' title='bbox 963 1249 978 1279; x_wconf 72' lang='grc' dir='ltr'>ἔ</span> <span class='ocrx_word' id='word_1_141' title='bbox 995 1245 1017 1291; x_wconf 80' lang='lat' dir='ltr'><strong>ij</strong></span> <span class='ocrx_word' id='word_1_142' title='bbox 1038 1245 1072 1280; x_wconf 83' lang='lat' dir='ltr'><strong>d.</strong></span> 
     </span>
    </p>
   </div>
   <div class='ocr_carea' id='block_1_4' title="bbox 199 1399 1739 1995">
    <p class='ocr_par' dir='ltr' id='par_1_5' title="bbox 199 1399 1739 1995">
     <span class='ocr_line' id='line_1_15' title="bbox 250 1399 1623 1453; baseline 0.004 -18"><span class='ocrx_word' id='word_1_143' title='bbox 250 1406 414 1436; x_wconf 87' lang='lat' dir='ltr'>EODEM</span> <span class='ocrx_word' id='word_1_144' title='bbox 439 1406 533 1435; x_wconf 88' lang='lat' dir='ltr'>DIE.</span> <span class='ocrx_word' id='word_1_145' title='bbox 586 1399 764 1434; x_wconf 84' lang='lat' dir='ltr'>Dominus</span> <span class='ocrx_word' id='word_1_146' title='bbox 786 1400 867 1435; x_wconf 80' lang='lat' dir='ltr'><strong>Rex</strong></span> <span class='ocrx_word' id='word_1_147' title='bbox 884 1401 1055 1447; x_wconf 84' lang='lat' dir='ltr'><strong>equitauit</strong></span> <span class='ocrx_word' id='word_1_148' title='bbox 1073 1402 1116 1436; x_wconf 86' lang='lat' dir='ltr'><strong>de</strong></span> <span class='ocrx_word' id='word_1_149' title='bbox 1140 1402 1352 1450; x_wconf 83' lang='lat' dir='ltr'>Edinburgh</span> <span class='ocrx_word' id='word_1_150' title='bbox 1373 1417 1380 1439; x_wconf 80' lang='lat' dir='ltr'><em>l</em></span> <span class='ocrx_word' id='word_1_151' title='bbox 1402 1405 1503 1440; x_wconf 88' lang='lat' dir='ltr'>finito</span> <span class='ocrx_word' id='word_1_152' title='bbox 1520 1419 1623 1453; x_wconf 87' lang='lat' dir='ltr'><strong>pran-</strong></span> 
     </span>
     <span class='ocr_line' id='line_1_16' title="bbox 200 1477 1739 1532; baseline 0.003 -19"><span class='ocrx_word' id='word_1_153' title='bbox 200 1479 258 1513; x_wconf 88' lang='lat' dir='ltr'><strong>dio</strong></span> <span class='ocrx_word' id='word_1_154' title='bbox 279 1491 289 1512; x_wconf 75' lang='lat' dir='ltr'><strong><em>s</em></strong></span> <span class='ocrx_word' id='word_1_155' title='bbox 309 1477 426 1511; x_wconf 86' lang='lat' dir='ltr'><strong>versus</strong></span> <span class='ocrx_word' id='word_1_156' title='bbox 443 1477 595 1524; x_wconf 82' lang='lat' dir='ltr'>burgum</span> <span class='ocrx_word' id='word_1_157' title='bbox 615 1478 658 1512; x_wconf 87' lang='lat' dir='ltr'><strong>de</strong></span> <span class='ocrx_word' id='word_1_158' title='bbox 677 1477 821 1512; x_wconf 83' lang='lat' dir='ltr'>Lanark</span> <span class='ocrx_word' id='word_1_159' title='bbox 839 1479 876 1512; x_wconf 92' lang='lat' dir='ltr'><strong>in</strong></span> <span class='ocrx_word' id='word_1_160' title='bbox 903 1492 990 1514; x_wconf 87' lang='lat' dir='ltr'><strong>cena</strong></span> <span class='ocrx_word' id='word_1_161' title='bbox 1018 1493 1029 1513; x_wconf 77' lang='lat' dir='ltr'><em>s</em></span> <span class='ocrx_word' id='word_1_162' title='bbox 1061 1485 1096 1514; x_wconf 84' lang='lat' dir='ltr'><strong>et</strong></span> <span class='ocrx_word' id='word_1_163' title='bbox 1122 1481 1269 1528; x_wconf 79' lang='lat' dir='ltr'><strong>empt’jc</strong></span> <span class='ocrx_word' id='word_1_164' title='bbox 1287 1482 1323 1516; x_wconf 89' lang='lat' dir='ltr'><strong>xl</strong></span> <span class='ocrx_word' id='word_1_165' title='bbox 1342 1495 1451 1529; x_wconf 84' lang='lat' dir='ltr'><strong>panes</strong></span> <span class='ocrx_word' id='word_1_166' title='bbox 1468 1485 1588 1532; x_wconf 83' lang='lat' dir='ltr'>xxxiiij</span> <span class='ocrx_word' id='word_1_167' title='bbox 1608 1490 1623 1519; x_wconf 70' lang='grc' dir='ltr'>Ξ</span> <span class='ocrx_word' id='word_1_168' title='bbox 1641 1496 1739 1519; x_wconf 58' lang='lat' dir='ltr'>Lanffik.</span> 
     </span>
     <span class='ocr_line' id='line_1_17' title="bbox 199 1555 1621 1609; baseline 0.006 -20"><span class='ocrx_word' id='word_1_169' title='bbox 199 1557 222 1603; x_wconf 85' lang='lat' dir='ltr'><strong>ij</strong></span> <span class='ocrx_word' id='word_1_170' title='bbox 253 1556 277 1590; x_wconf 79' lang='lat' dir='ltr'>d</span> <span class='ocrx_word' id='word_1_171' title='bbox 307 1561 342 1590; x_wconf 82' lang='lat' dir='ltr'><strong>et</strong></span> <span class='ocrx_word' id='word_1_172' title='bbox 369 1559 493 1602; x_wconf 85' lang='lat' dir='ltr'><strong>expen&#39;</strong></span> <span class='ocrx_word' id='word_1_173' title='bbox 522 1555 582 1590; x_wconf 83' lang='lat' dir='ltr'><strong>ista</strong></span> <span class='ocrx_word' id='word_1_174' title='bbox 611 1556 718 1590; x_wconf 59' lang='lat' dir='ltr'><strong>noete</strong></span> <span class='ocrx_word' id='word_1_175' title='bbox 750 1562 785 1591; x_wconf 87' lang='lat' dir='ltr'><strong>et</strong></span> <span class='ocrx_word' id='word_1_176' title='bbox 817 1556 872 1591; x_wconf 84' lang='lat' dir='ltr'><strong>die</strong></span> <span class='ocrx_word' id='word_1_177' title='bbox 902 1556 1068 1603; x_wconf 83' lang='lat' dir='ltr'><strong>sequente</strong></span> <span class='ocrx_word' id='word_1_178' title='bbox 1097 1559 1132 1592; x_wconf 87' lang='lat' dir='ltr'><strong>in</strong></span> <span class='ocrx_word' id='word_1_179' title='bbox 1163 1557 1308 1594; x_wconf 91' lang='lat' dir='ltr'><strong>difiunio</strong></span> <span class='ocrx_word' id='word_1_180' title='bbox 1343 1574 1354 1594; x_wconf 82' lang='lat' dir='ltr'><em>s</em></span> <span class='ocrx_word' id='word_1_181' title='bbox 1386 1566 1421 1595; x_wconf 83' lang='lat' dir='ltr'><strong>et</strong></span> <span class='ocrx_word' id='word_1_182' title='bbox 1448 1561 1491 1596; x_wconf 85' lang='lat' dir='ltr'><strong>fic</strong></span> <span class='ocrx_word' id='word_1_183' title='bbox 1522 1576 1621 1609; x_wconf 86' lang='lat' dir='ltr'><strong>eque.</strong></span> 
     </span>
     <span class='ocr_line' id='line_1_18' title="bbox 202 1633 1620 1688; baseline 0.005 -19"><span class='ocrx_word' id='word_1_184' title='bbox 202 1639 482 1669; x_wconf 86' lang='lat' dir='ltr'><strong>BUTELARIA.</strong></span> <span class='ocrx_word' id='word_1_185' title='bbox 524 1633 641 1681; x_wconf 87' lang='lat' dir='ltr'><strong>Empt&#39;</strong></span> <span class='ocrx_word' id='word_1_186' title='bbox 660 1646 735 1669; x_wconf 85' lang='lat' dir='ltr'><strong>xxx</strong></span> <span class='ocrx_word' id='word_1_187' title='bbox 758 1634 875 1680; x_wconf 81' lang='lat' dir='ltr'>lagine</span> <span class='ocrx_word' id='word_1_188' title='bbox 894 1633 1034 1670; x_wconf 82' lang='lat' dir='ltr'><strong>ceruifie</strong></span> <span class='ocrx_word' id='word_1_189' title='bbox 1054 1636 1087 1669; x_wconf 69' lang='lat' dir='ltr'><strong>x!</strong></span> <span class='ocrx_word' id='word_1_190' title='bbox 1106 1641 1121 1671; x_wconf 72' lang='grc' dir='ltr'>ἔ</span> <span class='ocrx_word' id='word_1_191' title='bbox 1140 1649 1152 1671; x_wconf 80' lang='lat' dir='ltr'><em>s</em></span> <span class='ocrx_word' id='word_1_192' title='bbox 1171 1643 1206 1671; x_wconf 86' lang='lat' dir='ltr'><strong>et</strong></span> <span class='ocrx_word' id='word_1_193' title='bbox 1224 1636 1323 1672; x_wconf 87' lang='lat' dir='ltr'>fimili</span> <span class='ocrx_word' id='word_1_194' title='bbox 1342 1639 1448 1674; x_wconf 83' lang='lat' dir='ltr'>modo</span> <span class='ocrx_word' id='word_1_195' title='bbox 1468 1644 1592 1688; x_wconf 72' lang='lat' dir='ltr'><strong>expen&#39;</strong></span> <span class='ocrx_word' id='word_1_196' title='bbox 1610 1656 1620 1675; x_wconf 74' lang='lat' dir='ltr'><em>s</em></span> 
     </span>
     <span class='ocr_line' id='line_1_19' title="bbox 202 1790 1623 1843; baseline 0.004 -18"><span class='ocrx_word' id='word_1_197' title='bbox 202 1791 294 1825; x_wconf 89' lang='lat' dir='ltr'><strong>Item</strong></span> <span class='ocrx_word' id='word_1_198' title='bbox 325 1792 431 1838; x_wconf 83' lang='lat' dir='ltr'><strong>empt’</strong></span> <span class='ocrx_word' id='word_1_199' title='bbox 448 1793 481 1838; x_wconf 90' lang='lat' dir='ltr'><strong>vj</strong></span> <span class='ocrx_word' id='word_1_200' title='bbox 502 1790 801 1837; x_wconf 83' lang='lat' dir='ltr'>pulligallinarum</span> <span class='ocrx_word' id='word_1_201' title='bbox 824 1807 834 1824; x_wconf 75' lang='grc' dir='ltr'><em>ι</em></span> <span class='ocrx_word' id='word_1_202' title='bbox 855 1791 889 1838; x_wconf 76' lang='lat' dir='ltr'><strong>xj</strong></span> <span class='ocrx_word' id='word_1_203' title='bbox 911 1804 1061 1838; x_wconf 85' lang='lat' dir='ltr'><strong>capones</strong></span> <span class='ocrx_word' id='word_1_204' title='bbox 1080 1807 1092 1828; x_wconf 86' lang='lat' dir='ltr'><em>l</em></span> <span class='ocrx_word' id='word_1_205' title='bbox 1111 1807 1133 1828; x_wconf 94' lang='lat' dir='ltr'>v</span> <span class='ocrx_word' id='word_1_206' title='bbox 1151 1795 1304 1842; x_wconf 86' lang='lat' dir='ltr'>cuniculj</span> <span class='ocrx_word' id='word_1_207' title='bbox 1327 1809 1338 1829; x_wconf 85' lang='lat' dir='ltr'><em>l</em></span> <span class='ocrx_word' id='word_1_208' title='bbox 1358 1796 1390 1843; x_wconf 85' lang='lat' dir='ltr'><strong>vj</strong></span> <span class='ocrx_word' id='word_1_209' title='bbox 1409 1796 1492 1843; x_wconf 83' lang='lat' dir='ltr'>gallj</span> <span class='ocrx_word' id='word_1_210' title='bbox 1510 1796 1623 1832; x_wconf 86' lang='lat' dir='ltr'>filues-</span> 
     </span>
     <span class='ocr_line' id='line_1_20' title="bbox 201 1868 1621 1923; baseline 0.006 -21"><span class='ocrx_word' id='word_1_211' title='bbox 201 1875 272 1903; x_wconf 86' lang='lat' dir='ltr'><strong>tres</strong></span> <span class='ocrx_word' id='word_1_212' title='bbox 291 1883 302 1903; x_wconf 81' lang='lat' dir='ltr'><em>s</em></span> <span class='ocrx_word' id='word_1_213' title='bbox 322 1869 368 1916; x_wconf 84' lang='lat' dir='ltr'><strong>iiij</strong></span> <span class='ocrx_word' id='word_1_214' title='bbox 389 1868 611 1904; x_wconf 79' lang='lat' dir='ltr'><strong>redsehankis</strong></span> <span class='ocrx_word' id='word_1_215' title='bbox 631 1883 642 1903; x_wconf 78' lang='grc'><em>1</em></span> <span class='ocrx_word' id='word_1_216' title='bbox 661 1871 694 1916; x_wconf 85' lang='lat' dir='ltr'><strong>vj</strong></span> <span class='ocrx_word' id='word_1_217' title='bbox 714 1869 879 1916; x_wconf 75' lang='lat' dir='ltr'>pluuiam&#39;j</span> <span class='ocrx_word' id='word_1_218' title='bbox 902 1884 913 1904; x_wconf 83' lang='lat' dir='ltr'><em>l</em></span> <span class='ocrx_word' id='word_1_219' title='bbox 934 1871 970 1904; x_wconf 91' lang='lat' dir='ltr'><strong>in</strong></span> <span class='ocrx_word' id='word_1_220' title='bbox 989 1871 1106 1906; x_wconf 82' lang='lat' dir='ltr'><strong>butiro</strong></span> <span class='ocrx_word' id='word_1_221' title='bbox 1135 1886 1146 1906; x_wconf 76' lang='lat' dir='ltr'><em>s</em></span> <span class='ocrx_word' id='word_1_222' title='bbox 1178 1873 1245 1907; x_wconf 86' lang='lat' dir='ltr'><strong>sale</strong></span> <span class='ocrx_word' id='word_1_223' title='bbox 1280 1887 1291 1907; x_wconf 83' lang='lat' dir='ltr'><em>l</em></span> <span class='ocrx_word' id='word_1_224' title='bbox 1323 1879 1358 1908; x_wconf 83' lang='lat' dir='ltr'><strong>et</strong></span> <span class='ocrx_word' id='word_1_225' title='bbox 1376 1875 1484 1909; x_wconf 82' lang='lat' dir='ltr'><strong>ordeo</strong></span> <span class='ocrx_word' id='word_1_226' title='bbox 1505 1889 1515 1909; x_wconf 78' lang='lat' dir='ltr'><em>s</em></span> <span class='ocrx_word' id='word_1_227' title='bbox 1536 1877 1621 1923; x_wconf 83' lang='lat' dir='ltr'>varij</span> 
     </span>
     <span class='ocr_line' id='line_1_21' title="bbox 201 1947 894 1995; baseline 0.001 -14"><span class='ocrx_word' id='word_1_228' title='bbox 201 1948 348 1994; x_wconf 86' lang='lat' dir='ltr'><strong>[precij]</strong></span> <span class='ocrx_word' id='word_1_229' title='bbox 369 1961 379 1981; x_wconf 77' lang='grc' dir='ltr'><em>Ι</em></span> <span class='ocrx_word' id='word_1_230' title='bbox 398 1947 432 1994; x_wconf 85' lang='lat' dir='ltr'><strong>iij</strong></span> <span class='ocrx_word' id='word_1_231' title='bbox 451 1947 476 1981; x_wconf 68' lang='lat' dir='ltr'><strong>ii</strong></span> <span class='ocrx_word' id='word_1_232' title='bbox 495 1948 531 1981; x_wconf 86' lang='lat' dir='ltr'><strong>ix</strong></span> <span class='ocrx_word' id='word_1_233' title='bbox 548 1952 563 1982; x_wconf 76' lang='grc' dir='ltr'>ἔ</span> <span class='ocrx_word' id='word_1_234' title='bbox 582 1947 613 1994; x_wconf 87' lang='lat' dir='ltr'><strong>vj</strong></span> <span class='ocrx_word' id='word_1_235' title='bbox 632 1948 657 1982; x_wconf 84' lang='lat' dir='ltr'>d</span> <span class='ocrx_word' id='word_1_236' title='bbox 675 1961 686 1981; x_wconf 87' lang='lat' dir='ltr'><em>l</em></span> <span class='ocrx_word' id='word_1_237' title='bbox 706 1954 741 1982; x_wconf 86' lang='lat' dir='ltr'><strong>et</strong></span> <span class='ocrx_word' id='word_1_238' title='bbox 758 1950 894 1995; x_wconf 83' lang='lat' dir='ltr'><strong>expen’.</strong></span> 
     </span>
    </p>
   </div>
   <div class='ocr_carea' id='block_1_5' title="bbox 672 2025 1149 2075">
    <p class='ocr_par' dir='ltr' id='par_1_6' title="bbox 672 2025 1149 2075">
     <span class='ocr_line' id='line_1_22' title="bbox 672 2025 1149 2075; baseline 0.006 -16"><span class='ocrx_word' id='word_1_239' title='bbox 672 2025 816 2060; x_wconf 85' lang='lat' dir='ltr'>Summa</span> <span class='ocrx_word' id='word_1_240' title='bbox 833 2026 866 2073; x_wconf 88' lang='lat' dir='ltr'><strong>xj</strong></span> <span class='ocrx_word' id='word_1_241' title='bbox 885 2027 909 2061; x_wconf 72' lang='lat' dir='ltr'><strong>ti</strong></span> <span class='ocrx_word' id='word_1_242' title='bbox 929 2028 988 2061; x_wconf 84' lang='lat' dir='ltr'><strong>xix</strong></span> <span class='ocrx_word' id='word_1_243' title='bbox 1006 2032 1021 2061; x_wconf 70' lang='grc' dir='ltr'>ἔ</span> <span class='ocrx_word' id='word_1_244' title='bbox 1038 2029 1096 2075; x_wconf 86' lang='lat' dir='ltr'>viij</span> <span class='ocrx_word' id='word_1_245' title='bbox 1115 2029 1149 2064; x_wconf 81' lang='lat' dir='ltr'><strong>d.</strong></span> 
     </span>
    </p>
   </div>
   <div class='ocr_carea' id='block_1_6' title="bbox 251 2181 1787 2234">
    <p class='ocr_par' dir='ltr' id='par_1_7' title="bbox 251 2181 1787 2234">
     <span class='ocr_line' id='line_1_23' title="bbox 251 2181 1787 2234; baseline 0.008 -18"><span class='ocrx_word' id='word_1_246' title='bbox 251 2186 332 2217; x_wconf 85' lang='lat' dir='ltr'><strong>DIE</strong></span> <span class='ocrx_word' id='word_1_247' title='bbox 359 2187 558 2217; x_wconf 86' lang='lat' dir='ltr'><strong>VENERIS</strong></span> <span class='ocrx_word' id='word_1_248' title='bbox 586 2182 668 2215; x_wconf 80' lang='lat' dir='ltr'>xxvi</span> <span class='ocrx_word' id='word_1_249' title='bbox 697 2181 924 2217; x_wconf 86' lang='lat' dir='ltr'><strong>Nouembris.</strong></span> <span class='ocrx_word' id='word_1_250' title='bbox 992 2189 1245 2221; x_wconf 86' lang='lat' dir='ltr'><strong>PANETRIA.</strong></span> <span class='ocrx_word' id='word_1_251' title='bbox 1301 2185 1359 2221; x_wconf 86' lang='lat' dir='ltr'><strong>De</strong></span> <span class='ocrx_word' id='word_1_252' title='bbox 1389 2188 1590 2234; x_wconf 78' lang='lat' dir='ltr'><strong>preintratis</strong></span> <span class='ocrx_word' id='word_1_253' title='bbox 1611 2203 1620 2223; x_wconf 75' lang='lat' dir='ltr'><strong>t</strong></span> <span class='ocrx_word' id='word_1_254' title='bbox 1640 2204 1787 2234; x_wconf 77' lang='lat' dir='ltr'>Edinburgh.</span> 
     </span>
    </p>
   </div>
   <div class='ocr_carea' id='block_1_7' title="bbox 204 2260 1621 2312">
    <p class='ocr_par' dir='ltr' id='par_1_8' title="bbox 204 2260 1621 2312">
     <span class='ocr_line' id='line_1_24' title="bbox 204 2260 1621 2312; baseline 0.005 -17"><span class='ocrx_word' id='word_1_255' title='bbox 204 2261 371 2307; x_wconf 67' lang='lat' dir='ltr'><strong>expen&#39;j‘</strong></span> <span class='ocrx_word' id='word_1_256' title='bbox 389 2265 439 2293; x_wconf 80' lang='lat' dir='ltr'><strong>v¹¹</strong></span> <span class='ocrx_word' id='word_1_257' title='bbox 458 2260 493 2294; x_wconf 85' lang='lat' dir='ltr'><strong>ix</strong></span> <span class='ocrx_word' id='word_1_258' title='bbox 510 2272 615 2307; x_wconf 81' lang='lat' dir='ltr'><strong>panes</strong></span> <span class='ocrx_word' id='word_1_259' title='bbox 643 2274 655 2294; x_wconf 79' lang='lat' dir='ltr'><em>s</em></span> <span class='ocrx_word' id='word_1_260' title='bbox 685 2260 778 2295; x_wconf 83' lang='lat' dir='ltr'><strong>Item</strong></span> <span class='ocrx_word' id='word_1_261' title='bbox 810 2263 937 2309; x_wconf 84' lang='lat' dir='ltr'><strong>expeu&#39;</strong></span> <span class='ocrx_word' id='word_1_262' title='bbox 968 2262 1005 2296; x_wconf 88' lang='lat' dir='ltr'><strong>in</strong></span> <span class='ocrx_word' id='word_1_263' title='bbox 1032 2261 1173 2309; x_wconf 85' lang='lat' dir='ltr'>pastillis</span> <span class='ocrx_word' id='word_1_264' title='bbox 1203 2277 1272 2301; x_wconf 88' lang='lat' dir='ltr'><strong>xxv</strong></span> <span class='ocrx_word' id='word_1_265' title='bbox 1302 2278 1410 2312; x_wconf 81' lang='lat' dir='ltr'><strong>panes</strong></span> <span class='ocrx_word' id='word_1_266' title='bbox 1439 2280 1449 2300; x_wconf 78' lang='lat' dir='ltr'><strong>t</strong></span> <span class='ocrx_word' id='word_1_267' title='bbox 1478 2267 1621 2302; x_wconf 81' lang='lat' dir='ltr'>Summa</span> 
     </span>
    </p>
   </div>
  </div>
 </body>
</html>
