1861 2703
288 269 332 299 12
858 263 1142 300 APPENDIX.
1597 270 1700 305 1526.

80 372 147 394 Lem.
287 362 376 392 misse
392 371 493 392 versus
512 360 592 392 Leth
608 361 639 391 in
654 359 788 402 hospicio
804 359 908 392 Dauid
924 361 1083 400 Falconar,
1103 361 1191 404 Rege
1206 362 1382 404 prandiente
1396 368 1427 395 et
1439 370 1565 395 cenante
1579 364 1700 402 ibidem,

288 439 329 457 xv
345 427 445 469 lagine
461 426 596 458 ceruisie.

79 500 227 527 Edinburgh.
331 493 398 523 Du:
417 493 584 523 Dommco
600 504 641 522 xv
656 492 741 523 Julii.
789 493 891 534 Empt'
907 491 979 534 xviij
996 492 1143 535 pipiones.

331 560 398 589 Dm
423 559 554 590 Minus
577 559 639 589 xvii
663 558 750 590 Julii.
808 558 886 589 Item
911 558 942 588 in
968 558 1067 600 gagiis
1092 558 1219 590 duorum
1247 560 1429 592 verletorum
1459 562 1650 604 Compotoris
1673 569 1702 593 et

294 626 403 656 Clerici
417 626 646 667 Compotorum,
663 624 789 655 duorum
810 623 1050 668 Senescallorum
1066 624 1162 666 Regis
1174 630 1203 656 et
1214 625 1378 663 Domicilii,
1395 638 1430 658 ae
1445 628 1625 659 verletorum
1640 629 1703 659 Ro-

290 692 365 722 berti
385 692 526 729 Stemrt,
549 691 656 722 Jacobi
675 689 836 727 Craufurd‚
863 689 1028 720 Alexandri
1050 690 1233 728 Alexander,
1261 691 1402 723 Willelmi
1428 692 1532 729 Knox‚
1555 693 1703 724 Johannis

292 759 397 801 Inglis,
415 757 542 789 Roberti
561 757 731 794 Callender,
745 755 893 787 Johannis
912 754 1067 792 Buchane,
1084 761 1115 786 et
1130 756 1250 787 Andree
1266 756 1426 799 Melwing,
1443 757 1590 790 Johannis
1615 759 1704 790 Law-

49 834 108 855 Νοη
121 833 245 855 αῑιοεαιιιν.
287 836 373 862 soun,
400 825 429 854 T
431 824 519 855 home
538 823 700 865 Flemyng‚
726 822 914 853 ostiariorum
940 821 1018 858 aule,
1046 820 1194 852 Johannis
1209 821 1407 853 Johnnesoun
1431 824 1494 854 coci
1520 824 1702 866 principalis,

286 891 429 922 Duncani
446 890 586 922 Levinox
601 890 631 920 in
647 888 817 926 lardinaria,
843 887 965 919 Patricii
985 886 1077 917 Clerk
1094 886 1123 917 in
1140 887 1270 929 panitria
1292 887 1371 925 aule,
1391 888 1512 920 Andree
1528 889 1657 931 Murray
1673 891 1704 921 in

287 957 435 989 butelaria
453 956 558 999 Regis,
575 955 722 987 Johannis
737 953 877 996 Douglas
891 953 922 984 in
938 952 1057 984 cellario
1072 953 1144 990 vini,
1163 953 1213 994 qui
1227 959 1297 984 sunt
1312 953 1343 984 in
1359 965 1484 986 numero
1497 956 1704 987 nouemdecim

292 1035 429 1066 persone,
452 1023 587 1066 qualibet
609 1032 710 1052 earum
727 1020 910 1063 percipiente
925 1020 956 1050 in
971 1029 1051 1051 anno
1067 1025 1197 1060 quatuor
1212 1018 1303 1051 libras
1318 1019 1422 1052 decem
1437 1021 1557 1058 solidos,
1579 1021 1703 1052 Summa

290 1092 383 1122 lxxxv
398 1091 421 1121 fi
437 1102 456 1120 x
472 1094 495 1119 Ξ.

80 1171 164 1192 Penus.
332 1157 455 1187 EODEM
472 1157 552 1186 Dm.

79 1234 173 1257 Melros.
331 1224 396 1253 Dm
412 1223 510 1253 Joms
525 1222 579 1253 xix
595 1221 680 1253 Julii.

78 1298 209 1326 Jedburgh.
327 1290 396 1320 Dm
417 1290 568 1320 VENERIS
584 1299 627 1318 xx
641 1286 726 1318 Julii.

332 1356 398 1386 Dm
417 1356 541 1386 SABo‘rx
557 1354 653 1385 xxviii
668 1353 753 1384 Julii.
800 1351 901 1382 Hodie
916 1350 1067 1382 Dominus
1093 1350 1162 1381 Rex
1190 1351 1339 1393 equitauit
1364 1350 1401 1383 de
1425 1352 1594 1394 Jedburgh‚
1619 1352 1702 1383 finito

79 1427 224 1457 Edinburgh-
287 1421 425 1458 disiunio,
443 1432 546 1452 versus
566 1417 747 1460 Edinburgh
763 1418 793 1448 in
809 1428 892 1448 cena.

1490 1559 1561 1582 Tenet
1582 1551 1657 1580 Abd.

565 1619 691 1648 Summa
705 1616 806 1648 totalis
822 1615 868 1647 vm
885 1615 937 1654 vij⁰
950 1614 991 1654 lvj
1007 1615 1028 1645 fi
1044 1615 1086 1654 iiij
1101 1619 1113 1645 ἓ
1129 1614 1157 1654 vj
1173 1617 1203 1645 d.

1025 1686 1097 1709 Tenet
1117 1682 1194 1711 Aba.

335 1820 460 1849 Summa
486 1816 588 1848 totalis
603 1815 744 1846 frumenti
761 1813 953 1856 proprietatis
968 1812 1005 1843 de
1023 1812 1085 1843 Fiff
1107 1823 1149 1842 xx
1175 1812 1273 1843 celdre
1288 1823 1307 1842 v
1323 1812 1402 1843 bolle
1418 1812 1448 1852 iij
1466 1812 1561 1843 firlote
1576 1812 1596 1851 ij
1613 1823 1701 1853 pecce

285 1884 436 1916 frumenti.

331 1951 459 1981 Summa
474 1948 575 1981 totalis
590 1948 671 1979 ordei
687 1946 877 1990 proprietatis
892 1945 929 1976 de
947 1944 1023 1976 Fiffe
1038 1952 1069 1976 et
1088 1945 1166 1976 Ross
1181 1944 1247 1975 xlix
1263 1943 1361 1975 celdre
1377 1944 1416 1986 vij
1433 1944 1522 1975 bolle.

330 2017 456 2047 Summa
470 2015 572 2047 totalis
586 2020 747 2045 mertarum
763 2024 832 2044 cum
846 2012 940 2043 coreis
955 2011 1144 2054 proprietatis
1159 2017 1189 2041 et
1204 2011 1295 2052 empt¹
1306 2010 1334 2050 jc
1348 2013 1396 2040 v¹¹
1410 2010 1430 2051 ij
1446 2016 1550 2041 merte.

334 2082 460 2112 Summa
474 2080 576 2112 totalis
591 2080 718 2111 allecum
733 2079 770 2109 de
784 2077 910 2110 lacubus
925 2077 1160 2108 occidentalibus
1174 2076 1194 2115 ij
1212 2076 1286 2107 laste
1302 2086 1323 2106 x
1337 2076 1452 2107 barilia.

334 2147 459 2179 Summa
473 2146 574 2179 totalis
589 2146 715 2178 allecum
730 2144 822 2176 assise
837 2143 873 2175 de
891 2143 983 2175 Leith
998 2143 1018 2184 ij
1035 2143 1110 2174 laste
1126 2143 1153 2184 vj
1170 2142 1283 2173 barilia.
