1861 2703
178 219 281 252 1528.
391 254 395 258 ,
495 216 500 221 ”
661 217 817 253 REGIS
842 217 1032 254 JACOBI
1060 219 1106 254 V.
1529 224 1595 255 901

225 313 382 348 Dscmo
401 324 544 350 QUINTO
570 313 810 349 NOUEMBRIS.
864 315 964 362 Rege
992 322 1197 351 remanente
1226 318 1262 350 in
1294 317 1486 363 Striueling
1506 330 1517 350 s
1538 330 1594 351 ex·
1613 323 1747 352 Striueling·

173 393 253 439 pen’
270 392 370 438 super
389 393 421 438 vj
441 392 536 437 equis
557 391 701 439 Dominj
725 392 833 439 Regis
853 406 864 428 l
883 394 1037 440 quinque
1065 395 1162 440 equis
1191 394 1384 429 minoribus
1411 395 1562 429 eiusdem
1580 408 1591 428 t

173 547 274 594 Fabrj
296 560 307 581 l
326 547 498 582 ,Iohannis
518 547 725 582 Donaldson
745 550 778 583 in
798 550 917 584 aueria
936 563 947 583 s
967 556 1002 584 et
1019 550 1192 585 Johaunis
1214 549 1309 584 Bane
1326 551 1561 597 sumpterman
1576 565 1587 584 l

170 625 228 671 quj
248 625 326 659 sunt
344 625 413 672 xxij
442 625 521 672 equj
544 638 555 660 l
575 627 835 661 remanentibus
854 627 982 662 ibidem
1001 641 1021 662 a
1039 628 1134 662 dieto
1159 628 1213 662 die
1233 627 1337 674 vsque
1355 628 1589 676 penultimum

170 781 387 828 capientibus
405 783 428 829 ij
448 782 558 816 bollas
576 782 610 829 iij
631 783 764 817 firlotas
782 784 1024 818 auenarumin
1043 784 1150 818 noG‘oe
1178 797 1189 817 s
1218 784 1361 818 Summa
1379 785 1399 831 ij
1420 785 1537 819 celdre
1558 785 1590 830 vj

171 859 260 893 bolle
295 860 317 906 ij
349 860 465 894 firlote
496 873 688 894 auenarum
721 873 732 894 l
760 861 909 907 pricium
938 860 1031 895 bolle
1049 861 1094 909 vij
1114 866 1130 896 ἕ
1157 861 1189 907 vj
1209 861 1233 895 d
1261 875 1271 895 s
1300 862 1445 896 Summa
1471 863 1542 909 xiiij
1566 864 1590 897 fi

170 937 227 984 viij
248 942 263 971 ἔ
280 938 314 971 ix
333 937 357 972 d
384 950 394 971 l
424 937 515 972 Item
535 938 635 972 solut'
653 938 688 971 in
706 938 817 985 gagijs
834 938 904 985 fenj
924 938 1028 972 dietis
1047 939 1143 985 equis
1169 951 1232 985 pei·
1257 939 1350 973 idem
1367 945 1506 987 tempus
1525 954 1544 975 v
1564 942 1590 976 ii

170 1015 190 1062 ij
211 1021 226 1050 ἔ
244 1015 301 1062 viij
320 1016 344 1050 d
371 1029 382 1049 l
412 1015 503 1050 Item
522 1015 623 1050 solut’
641 1016 676 1049 in
694 1028 784 1062 pane
805 1016 933 1062 equino
960 1016 980 1063 ij
1009 1017 1106 1062 equis
1127 1017 1234 1063 Regis
1252 1018 1287 1051 ix
1305 1023 1319 1052 ἕ
1336 1018 1383 1065 iiij
1402 1018 1426 1053 d
1453 1033 1463 1052 l
1496 1019 1585 1055 Item

170 1094 203 1127 in
222 1093 326 1127 feodo
347 1093 478 1140 Stabulj
500 1094 535 1127 in
555 1093 666 1139 burgo
685 1094 767 1141 xxiij
788 1099 802 1128 ἔ
822 1107 832 1127 s
853 1095 944 1129 Item
964 1094 1065 1128 solut’
1084 1107 1147 1142 pro
1166 1095 1295 1142 pabulo
1310 1097 1412 1130 vuius
1431 1100 1508 1144 equj
1527 1098 1590 1133 Jo-

168 1172 291 1205 hannis
310 1171 487 1205 Trumbill
504 1184 568 1218 per
585 1177 655 1206 tres
673 1172 746 1206 dies
764 1172 854 1206 infra
872 1172 938 1206 hoc
956 1178 1159 1218 compotum
1178 1172 1224 1219 iiij
1245 1179 1260 1207 ἔ
1277 1173 1311 1219 iij
1331 1173 1355 1207 d
1379 1187 1389 1207 s
1412 1174 1501 1209 Item
1523 1189 1596 1222 pro,

167 1250 295 1296 pabulo
314 1249 386 1296 xliij
407 1262 578 1295 equorum
590 1250 811 1284 familiarium
829 1249 974 1296 Dominj
997 1249 1106 1296 Regis
1124 1252 1385 1285 remanencium
1406 1253 1441 1285 in
1454 1253 1585 1288 Striue-

166 1328 241 1374 ling
274 1341 336 1375 per
367 1333 504 1374 tempus
534 1327 772 1374 supradictum
799 1328 835 1361 in
865 1327 975 1375 gagijs
1007 1328 1076 1375 fenj
1110 1334 1144 1362 et
1174 1329 1294 1363 auenis
1322 1329 1394 1377 xliij
1415 1336 1429 1365 's'
1448 1331 1483 1364 in
1501 1332 1557 1365 die
1571 1346 1581 1366 l

166 1407 311 1440 Summa.
328 1419 401 1440 xxx
420 1406 445 1440 fi
464 1406 485 1452 ij
505 1410 520 1439 Ξ
547 1422 556 1438 t
588 1405 679 1439 Item
708 1406 743 1439 in
771 1406 882 1453 gagijs
900 1406 1052 1440 duorum
1078 1407 1296 1441 verletorum
1320 1411 1583 1444 remanencium

164 1484 208 1518 ad
228 1490 327 1518 extra
344 1495 407 1530 per
425 1483 558 1517 dietum
578 1488 716 1530 tempus
734 1483 816 1530 xxiij
837 1489 852 1519 ἔ
870 1483 916 1531 iiij
936 1484 960 1519 d
979 1497 990 1518 l
1011 1484 1103 1518 Item
1122 1483 1223 1519 solut’
1239 1486 1273 1519 in
1288 1487 1397 1533 gagijs
1411 1486 1583 1522 Johannis

166 1560 371 1596 Donaldson
384 1562 419 1595 in
434 1562 551 1596 aueria
566 1562 778 1596 remanentis
797 1568 896 1596 extra
913 1563 1128 1598 domicilium
1144 1576 1206 1610 per
1221 1564 1289 1610 xxij
1311 1564 1382 1598 dies
1396 1578 1406 1598 s
1420 1566 1586 1612 capientis

164 1640 220 1687 xvj
240 1641 264 1675 d
283 1641 318 1674 in
338 1640 392 1674 die
421 1653 432 1674 s
461 1640 604 1675 Summa
623 1640 706 1674 xxix
725 1645 739 1675 ἔ
756 1640 804 1687 iiij
824 1641 857 1676 d.

552 1719 695 1754 Summa
712 1719 860 1766 pecunie
878 1718 937 1766 liiij
958 1720 982 1754 Ῐί
1002 1720 1021 1766 ij
1042 1725 1057 1754 ἔ
1075 1720 1132 1766 viij
1152 1721 1186 1755 d.

212 1877 441 1912 Pfflommo
462 1877 703 1912 NOUEMBRIS.
757 1876 893 1924 Expen’
911 1877 1013 1924 super
1040 1878 1073 1924 xj
1105 1877 1200 1924 equjs
1232 1877 1377 1925 Dominj
1401 1878 1507 1924 Regis
1528 1892 1538 1912 s
1559 1879 1579 1925 ij

164 1955 319 2003 Magistrj
337 1956 470 1990 Auerie
490 1969 500 1989 s
520 1957 541 2002 ij
560 1955 706 2002 Robertj
724 1955 796 1989 Gib
812 1968 823 1988 s
839 1968 859 1990 v
875 1956 1093 1990 Seruitorum
1108 1955 1240 2002 Stabulj
1258 1969 1269 1990 s
1284 1969 1323 1990 ac
1342 1957 1438 2002 equis
1451 1957 1552 2003 Fabrj
1569 1971 1579 1991 s

161 2033 332 2068 Johannis
352 2033 471 2080 Bayne
492 2047 503 2067 s
522 2033 694 2068 Johannis
712 2032 945 2067 Donaldsoun
963 2047 970 2068 l
987 2033 1043 2080 quj
1058 2033 1135 2068 sunt
1149 2034 1232 2081 xxiij
1249 2037 1326 2081 equj
1344 2048 1354 2068 s
1370 2037 1580 2069 remanenti-

161 2112 223 2146 bus
242 2113 276 2146 in
296 2112 488 2158 Striueling
505 2126 524 2145 a
543 2112 637 2145 dicto
657 2111 711 2146 die
731 2111 834 2157 Vsque
849 2113 908 2146 xix
923 2112 1130 2147 Decembris
1144 2112 1316 2147 excluiiue
1332 2126 1342 2146 s
1358 2114 1414 2160 quj
1435 2114 1512 2148 sunt
1532 2128 1577 2148 xx

159 2191 232 2224 dies
251 2204 261 2224 s
281 2190 496 2237 capientibus
515 2189 547 2237 iij
568 2189 701 2224 eeldras
732 2190 766 2223 ix
795 2189 905 2224 bollas
923 2190 944 2237 ij
966 2191 1098 2225 firlotas
1116 2204 1309 2225 auenarmn
1342 2205 1352 2225 s
1385 2192 1427 2226 de
1452 2193 1576 2238 quibus

158 2269 264 2315 empt’
283 2268 304 2315 ij
325 2269 441 2303 ceidre
460 2269 516 2316 viij
539 2268 630 2303 bolle
659 2269 679 2315 ij
713 2267 826 2303 firlote
855 2269 877 2314 ij
908 2282 1012 2315 pccee
1043 2283 1235 2304 alienarum
1265 2283 1276 2303 s
1308 2270 1453 2317 pricium
1482 2271 1574 2307 holle

835 2350 895 2381 ‘Ze
