1861 2703
178 682 188 704 ]
195 682 252 706 530.

276 257 323 287 34·
837 251 1122 287 APPENDIX.
1317 274 1322 276 -
1586 255 1691 286 1530.

325 350 439 379 ano
457 349 672 380 Dsscmxssms.
720 349 809 390 Rege
823 354 997 379 remanente
1011 349 1042 378 in
1062 348 1240 389 Striueling.

326 415 467 444 Decnno
487 415 597 445 SEXTO
615 415 831 446 DECEMBms.
880 414 967 455 Rege
981 420 1155 444 remanente
1168 413 1199 443 in
1218 412 1409 455 Edinburgh.

327 481 441 510 Pmmo
458 480 634 512 JANUARH.
681 480 770 521 Rege
783 484 958 510 remanente
972 477 1003 508 in
1023 479 1190 520 Striueling
1204 484 1235 509 et
1248 479 1379 520 burgum
1395 479 1432 510 de
1450 479 1532 510 Aire.

326 546 442 576 ano
461 546 666 576 Fsssauffln.
714 546 802 587 Rege
817 551 991 576 remanente
1005 544 1036 574 in
1056 543 1224 585 Striueling
1238 550 1269 575 et
1288 544 1479 586 Edinburgh.

328 612 442 641 Pnnvro
460 611 606 642 MEncu.
653 611 741 653 Rege
756 616 929 642 remanente
944 610 976 640 in
994 609 1177 650 Edinburgh
1192 615 1222 640 et
1240 609 1416 652 Striueling.

327 678 442 708 Pmmo
460 678 607 708 Arruns.
655 677 742 717 Rege
756 681 929 708 remanente
943 675 975 706 in
994 675 1171 717 Striueling.

326 744 435 773 Pmmo
452 743 551 774 MAn.
598 743 686 784 Rege
700 748 875 774 remanente
889 742 919 772 in
938 741 1114 783 Strffieling,
1135 740 1326 782 Edinburgh,
1343 747 1373 772 et
1391 741 1569 772 Faulkland.

325 810 435 839 Pmmo
452 810 557 840 JUNII.

324 876 435 905 Pmmo
451 875 551 906 Jnmr.
599 875 687 916 Rege
703 880 876 906 remanente
891 874 921 904 in
940 874 1116 915 Striueling‚
1143 873 1322 914 Linlithqw,
1347 879 1377 903 et
1397 873 1509 903 Peblis.

325 943 434 972 Panno
452 943 617 972 AUGUSTI.
664 941 752 982 Rege
768 946 942 971 remanente
956 940 987 970 in
1005 939 1164 976 Falkland,
1184 938 1289 976 Perth,
1307 938 1431 969 Dunde.

322 1049 720 1086 Memorandum‚—Intrat'
736 1059 774 1078 ex
790 1048 869 1078 dono
886 1048 1013 1078 Domini
1032 1047 1143 1078 Prioris
1162 1046 1388 1083 Sanctiandree,
1405 1052 1435 1076 et
1449 1047 1564 1077 liberat'
1580 1047 1695 1077 Jacob«)

281 1115 452 1146 Aikenheid
468 1115 613 1156 magistro
630 1114 742 1145 Auen'e
768 1114 799 1154 iij
825 1113 924 1144 eeldre
950 1124 1124 1149 auenarum,
1152 1119 1183 1143 et
1209 1113 1314 1153 expen'
1341 1123 1432 1153 super
1455 1112 1588 1153 quinque
1610 1114 1695 1153 equis

276 1182 395 1222 magnis
411 1181 537 1211 Domini
556 1180 652 1222 Regis
678 1178 902 1210 remanentibus
917 1179 948 1209 in
967 1178 1135 1209 Faulkland
1159 1190 1177 1209 a
1200 1178 1296 1220 primo
1312 1177 1386 1208 Julii
1405 1178 1551 1208 inclusiue
1570 1178 1692 1219 [vsque]

278 1248 453 1279 vicesimum
469 1247 591 1279 tertium
610 1246 744 1287 Augusti
759 1245 924 1282 exclusiue,
948 1250 979 1275 et
994 1244 1036 1275 sie
1051 1255 1138 1285 eque.

620 1356 744 1385 Summa
760 1354 860 1386 totalis
879 1352 990 1384 Auerie
1001 1350 1044 1393 j(D
1058 1352 1122 1382 xlix
1137 1352 1159 1382 ti
1175 1352 1236 1392 xvij
1253 1356 1264 1381 ἓ
1280 1351 1310 1392 iij
1327 1354 1355 1382 ἃ.

1370 1428 1444 1451 Tenet
1466 1417 1542 1447 AB&
