1861 2703
282 266 328 297 22
764 258 922 293 LIBER
948 257 1227 294 DOMICILII
1591 263 1695 294 1525.

288 359 430 393 Summa
446 356 478 402 xj
497 355 523 390 fi
540 354 586 401 iiij
607 359 622 389 ἔ
633 353 648 401 j
668 353 692 389 d
711 367 723 388 Ι
742 359 777 388 et
795 355 918 401 expen’
945 367 957 388 l
985 354 1043 389 De
1061 354 1261 401 preintratis
1281 368 1292 388 l
1312 355 1435 401 expen’
1465 367 1488 387 x
1505 353 1614 399 girlfis
1632 366 1644 388 l
1663 360 1697 388 et

287 435 328 470 fic
347 434 482 469 restant.

780 510 923 544 Summa
940 510 973 557 xj
993 511 1017 544 ii
1036 510 1082 557 iiij
1104 510 1144 557 §j
1164 511 1199 546 d.

335 674 416 704 DIE
434 672 668 703 DOMINICO
685 665 732 700 vii
743 664 914 700 Januarii.
969 671 1226 702 PANETRIA.
1263 664 1321 699 De
1335 665 1535 712 preintratis
1550 681 1560 698 s
1576 666 1700 712 expen'

286 747 323 779 in
342 746 515 780 dominico
534 743 614 790 xviij
635 755 740 790 panes
767 756 779 776 l
808 742 900 777 Item
919 743 961 776 de
979 742 1131 777 secundo
1150 742 1185 790 ijc
1203 742 1214 776 l
1231 754 1338 789 panes
1366 759 1376 775 ι
1408 742 1498 776 Item
1517 743 1640 789 expen'
1663 743 1700 775 in

287 822 426 871 pastillis
443 834 504 868 per
526 826 597 855 tres
623 820 695 854 dies
714 820 743 867 jc
773 819 846 854 xlix
873 832 980 866 panes
1008 834 1019 854 l
1048 820 1191 854 Summa
1219 819 1445 867 expensarum
1474 819 1521 866 iijc
1549 824 1600 854 vxx
1629 819 1698 865 xvij

288 913 394 948 panes
414 916 423 933 ι
444 904 478 933 et
503 897 546 933 fic
572 897 699 932 restant
728 897 810 944 iiijffl
833 897 862 944 jc
891 902 943 933 v“x
971 910 993 932 v
1024 910 1141 944 panes.
1196 903 1521 934 BUTELLARIA.
1566 896 1701 944 Expen’

290 978 373 1025 lxxij
393 977 508 1023 lagine
526 976 547 1023 ij
567 980 690 1022 quarte
708 974 849 1010 ceruifie
869 992 878 1008 s
903 981 937 1009 et
964 974 1007 1009 fic
1029 975 1157 1009 restant
1178 975 1237 1022 vijc
1262 981 1310 1009 vxx
1342 975 1363 1021 ij
1383 975 1498 1021 lagine
1528 975 1548 1022 ij
1579 981 1701 1021 quarte

293 1055 444 1091 ceruifie.
495 1059 705 1096 COQUINA.
748 1052 805 1086 De
834 1053 1034 1100 preintratis
1055 1065 1062 1087 l
1083 1054 1208 1099 expen'
1232 1053 1273 1100 ,ἦ
1299 1058 1422 1099 quarta
1446 1058 1557 1087 merte
1584 1065 1702 1087 recen-

292 1136 336 1169 tis
367 1147 378 1168 Ι
410 1138 445 1167 et
472 1131 515 1166 fic
545 1131 646 1166 restat
671 1131 712 1178 j}
738 1135 861 1177 quarta
890 1135 1001 1165 merte
1030 1143 1042 1164 l
1071 1130 1162 1164 Item
1193 1131 1298 1177 empt’
1318 1130 1332 1177 j
1365 1131 1561 1177 carcagium
1591 1136 1702 1165 inerte

293 1211 440 1246 recentis
464 1210 559 1257 price
576 1209 636 1256 xlij
659 1214 673 1244 ἓ
693 1221 704 1243 l
724 1214 758 1242 et
783 1207 827 1242 fic
852 1208 955 1242 restat
979 1208 994 1255 j
1024 1213 1137 1242 merta
1162 1220 1282 1242 recens
1301 1208 1344 1255 j}
1361 1213 1484 1254 quarta
1514 1220 1522 1243 1
1552 1208 1609 1243 De
1627 1221 1703 1255 pre-

292 1289 427 1324 intratis
448 1301 456 1323 1
477 1288 600 1335 expen'
630 1300 677 1321 xx
707 1291 870 1322 mutones
894 1286 908 1333 j
943 1276 1067 1332 quarta
1094 1299 1106 1320 l
1126 1291 1160 1320 et
1188 1285 1232 1320 fic
1260 1298 1347 1332 eque
1375 1298 1387 1320 l
1415 1286 1506 1320 Item
1535 1288 1640 1333 empt’
1667 1286 1703 1319 lx

292 1372 454 1402 mutones
470 1366 564 1413 price
583 1364 639 1412 xvj
659 1365 684 1399 ii
704 1378 714 1399 l
734 1364 777 1398 de
795 1364 919 1410 quibus
950 1364 1074 1411 expen’
1101 1363 1146 1410 vij
1179 1368 1367 1398 mutounes
1398 1376 1409 1397 t
1441 1370 1476 1398 et
1505 1362 1548 1398 fic
1577 1363 1703 1398 restant

292 1447 339 1493 liij
369 1450 531 1480 mutones
559 1457 569 1477 l
598 1443 656 1477 De
685 1442 887 1489 preintratis
908 1454 915 1476 ι
937 1443 1061 1488 expen'
1092 1441 1125 1489 iij
1152 1447 1263 1476 merte
1281 1441 1361 1476 salse
1387 1441 1410 1488 ¹}
1436 1447 1560 1487 quarta
1578 1454 1589 1475 l
1610 1447 1643 1476 et
1661 1441 1704 1475 fic

292 1524 419 1559 restant
436 1528 486 1557 v‘Kx
513 1521 584 1567 xiiij
617 1525 728 1555 merte
756 1520 836 1554 salse
849 1519 890 1566 j}
908 1524 1031 1565 quarta
1059 1533 1069 1553 l
1098 1518 1155 1553 De
1173 1520 1373 1566 preintratis
1395 1532 1402 1554 l
1424 1521 1546 1566 expen’
1564 1520 1596 1566 xj
1616 1520 1703 1554 libre

293 1601 396 1647 butirj
420 1613 427 1635 1
449 1605 483 1634 et
501 1597 544 1633 slc
562 1597 688 1632 restant
706 1597 775 1643 xxij
796 1602 894 1644 petre
912 1597 948 1630 ix
965 1596 1052 1631 libre
1071 1597 1174 1644 butirj
1206 1610 1213 1631 t
1246 1596 1336 1631 Item
1363 1598 1468 1643 empt'
1485 1597 1506 1643 ij
1526 1597 1669 1644 porcellj
1692 1612 1702 1631 t

294 1680 327 1726 xj
347 1691 432 1713 auce
451 1675 633 1711 domestice
655 1688 663 1710 1
683 1675 740 1722 viij
760 1675 845 1722 pullj
865 1674 1074 1721 gallinarum
1096 1686 1104 1709 l
1124 1674 1169 1721 vij
1189 1674 1346 1721 perdices
1375 1687 1388 1708 l
1417 1674 1449 1721 vj
1469 1674 1629 1721 pluuiarij
1652 1689 1663 1709 s
1684 1688 1703 1709 v

293 1757 372 1804 gallj
393 1755 482 1802 nigrj
503 1768 515 1790 l
534 1754 566 1801 vj
586 1754 666 1801 gallj
686 1752 852 1788 filuestres
872 1766 883 1787 s
902 1753 923 1800 ij
955 1757 1073 1787 anetes
1100 1751 1304 1799 campestres
1323 1764 1336 1786 J
1354 1751 1439 1798 varij
1468 1752 1573 1799 precij
1596 1769 1605 1785 s
1625 1752 1658 1799 iij
1678 1754 1702 1787 ii

295 1913 418 1961 expen'
436 1925 482 1946 xx
500 1909 650 1957 cuniculj
672 1923 682 1944 s
702 1915 736 1944 et
754 1908 796 1944 fic
814 1908 942 1943 reflant
959 1908 1016 1955 viij
1046 1907 1197 1954 cuniculj
1227 1920 1239 1941 l
1268 1907 1359 1942 Item
1390 1909 1496 1955 empt’
1524 1909 1617 1956 xxxij
1651 1923 1702 1944 ca-

294 2004 402 2039 pones
427 1992 508 2036 xxvj
529 1994 543 2025 3
560 1988 616 2036 viij
636 1988 660 2023 d
679 2001 690 2022 s
709 1987 789 2034 xviij
819 1986 978 2021 columbe
998 1999 1010 2020 s
1030 1991 1064 2020 et
1094 1986 1129 2019 in
1158 1985 1266 2019 ordeo
1296 1985 1329 2032 vj
1349 1990 1365 2021 ἔ
1381 1986 1402 2033 ij
1423 1986 1447 2022 d
1465 1999 1476 2020 t
1495 1992 1530 2021 et
1548 1989 1670 2034 expen'
1691 2001 1701 2021 s

298 2070 387 2103 Item
407 2068 510 2114 empt’
521 2067 535 2114 j
557 2066 685 2101 vitulus
699 2077 845 2112 magnus
863 2064 922 2098 xix
940 2068 955 2098 Ξ
975 2076 983 2099 l
1003 2063 1036 2111 vj
1057 2064 1176 2110 lingue
1194 2063 1312 2111 bouinj
1335 2077 1345 2099 t
1364 2064 1398 2112 vj
1416 2064 1503 2100 libre
1517 2065 1589 2113 cepj
1609 2066 1704 2113 price

294 2161 315 2182 v
333 2152 348 2181 ἔ
367 2160 377 2180 l
397 2151 432 2180 et
449 2148 584 2192 expen'.

759 2221 901 2255 Summa
918 2220 1024 2267 xxviij
1044 2220 1069 2254 fi
1088 2219 1108 2266 ij
1129 2224 1144 2254 ἔ
1161 2232 1183 2254 x
1201 2219 1236 2254 d.
