1861 2703
262 286 285 316 3
742 279 900 314 LIBER
926 279 1204 316 DOMICILII
1570 288 1678 319 1525.

268 379 333 412 deo
352 391 363 411 l
381 376 491 424 pomis
511 388 522 408 s
542 374 623 421 piris
643 388 653 408 l
673 375 693 420 ij
714 374 832 421 lingue
858 375 977 422 bouinj
999 389 1010 409 s
1032 377 1176 423 cenapio
1196 390 1207 411 l
1227 381 1261 411 et
1288 378 1381 424 cepis
1402 391 1412 412 Ι
1432 378 1516 426 varij
1543 380 1647 427 precij
1669 394 1679 414 l

269 455 313 501 iiij
332 455 357 488 fi
376 454 410 488 ix
429 458 443 487 3-
461 452 516 498 viij
536 453 560 487 d
586 466 597 485 s
625 457 659 486 et
678 454 811 499 expen'.

801 530 944 564 Summa
961 543 984 564 x
1000 531 1026 565 fi
1044 543 1090 565 xv
1109 536 1134 565 ἕ.

321 692 402 721 DIE
427 690 625 721 VENERIS
644 695 716 718 xxv
732 683 891 729 Augusti.
944 689 1190 720 PANETRIA.
1220 685 1356 733 Expen'
1370 687 1463 734 apud
1476 687 1684 736 Edinburgh

273 766 308 798 in
320 763 466 810 prandio
482 776 492 796 l
508 762 550 796 de
563 761 763 809 preintratis
777 760 901 808 expen'
918 767 969 796 v‘ux
980 761 1025 808 vij
1041 774 1147 808 panes
1163 775 1174 796 t
1191 767 1225 797 et
1239 761 1283 797 fic
1295 763 1423 798 restant
1436 764 1493 811 ij‘s’
1507 765 1553 812 vjc
1566 779 1684 813 panes.

276 847 589 878 BUTELLARIA.
618 840 675 874 De
694 838 834 874 ceruifia
850 853 860 873 s
877 841 1000 887 expen'
1014 839 1098 887 xxvj
1112 839 1226 887 lagine
1241 841 1275 888 iij
1291 846 1414 887 quarte
1427 855 1438 876 s
1454 847 1488 876 et
1501 842 1545 877 fic
1559 843 1685 878 restant

273 920 365 966 apud
384 918 591 964 Edinburgh
620 923 653 951 vc
684 917 765 963 xxvj
786 917 899 963 lagine
925 917 947 963 ij
973 922 1095 962 quarte
1120 917 1272 952 ceruifie.
1325 926 1539 963 COQUINA.
1567 920 1685 968 Empt’

269 998 283 1044 j
305 997 400 1031 mulo
416 1010 426 1030 s
442 996 489 1043 iij⁰
506 995 613 1042 xxxvj
634 994 742 1029 alleca
757 995 792 1042 lj
809 1007 874 1029 ron
889 1008 900 1028 s
914 995 985 1042 xiiij
1006 1000 1100 1030 trute
1119 1008 1244 1042 magne
1260 1010 1271 1030 l
1286 997 1322 1043 ijc
1340 997 1377 1032 lx
1395 997 1502 1045 pisces
1518 998 1584 1046 albj
1606 1012 1617 1032 s
1637 974 1683 1045 iiij

276 1075 423 1110 m‘fische
439 1075 498 1108 lin
516 1073 711 1120 peelinibus
731 1086 742 1106 s
761 1072 925 1119 anguillis
938 1086 949 1106 s
963 1073 1065 1107 trutis
1084 1074 1292 1108 torrentium
1310 1087 1322 1108 l
1337 1075 1478 1122 rigadijs
1497 1088 1508 1110 t
1527 1076 1684 1122 spouttis1

276 1153 386 1187 bukez
407 1166 417 1186 s
436 1152 514 1186 solis
533 1165 544 1186 l
563 1151 699 1198 podlois
719 1165 729 1185 s
748 1151 865 1185 butiro
885 1164 896 1184 s
917 1151 1061 1197 cenapio
1075 1164 1086 1184 s
1102 1156 1137 1185 et
1151 1152 1243 1197 cepis
1259 1165 1269 1185 s
1284 1152 1368 1199 varij
1384 1153 1490 1199 precij
1512 1166 1523 1187 t
1544 1153 1686 1187 Summa

276 1231 345 1277 lviij
366 1236 381 1265 Ξ
398 1230 429 1276 vj
449 1230 473 1264 d
501 1243 511 1263 t
539 1234 572 1263 et
590 1229 723 1276 expen'.

323 1392 487 1422 EODEM
505 1392 586 1421 DIE
603 1398 614 1419 s
627 1384 806 1419 Dominus
824 1383 903 1417 Rex
918 1396 929 1416 l
945 1383 1045 1417 finito
1057 1382 1204 1430 prandio
1217 1383 1253 1417 in
1268 1383 1477 1431 Edinburgh
1491 1397 1503 1419 t
1518 1386 1686 1431 equitauit

104 1474 255 1501 Hadingtoun
277 1464 394 1499 versus
430 1463 673 1508 Hadingtoun.
736 1467 981 1497 PANETRIA.
1019 1460 1078 1495 De
1107 1461 1306 1507 preintratis
1334 1474 1347 1495 t
1375 1464 1498 1508 expen'
1528 1464 1564 1497 in
1603 1476 1688 1498 cena

277 1541 374 1587 lxxiij
400 1552 506 1587 panes
533 1553 544 1573 s
573 1539 664 1573 Item
690 1539 812 1585 expen’
830 1540 866 1572 in
884 1538 1022 1584 pastillis
1050 1538 1111 1572 xix
1139 1550 1245 1584 panes
1265 1552 1276 1572 t
1296 1538 1438 1573 Summa
1456 1540 1685 1586 expenlhrum

278 1619 413 1665 lxxxxij
441 1629 547 1664 panes
575 1630 585 1650 s
615 1621 650 1650 et
682 1614 724 1649 fic
754 1615 880 1649 restant
908 1615 964 1661 ij‘0
992 1621 1025 1649 v⁰
1052 1615 1160 1661 xxviij
1195 1628 1313 1662 paneS.
1364 1623 1686 1655 BUTELLARIA.

279 1696 396 1742 Empt’
413 1694 496 1741 lxvij
516 1694 630 1740 lagine
648 1691 787 1727 ceruifie
807 1705 818 1726 l
837 1693 930 1739 price
948 1705 971 1726 v
987 1693 1013 1726 ii
1033 1692 1064 1739 xj
1085 1697 1100 1727 ἒ
1117 1692 1174 1739 viij
1193 1693 1217 1727 d
1244 1706 1255 1727 t
1283 1694 1326 1728 de
1344 1694 1467 1740 quibus
1485 1697 1608 1742 expen’
1640 1710 1687 1731 xx

276 1774 390 1819 lagine
412 1773 426 1819 j
459 1776 581 1818 quarta
608 1770 747 1805 ceruifie
775 1784 787 1805 s
815 1776 849 1805 et
866 1769 909 1804 fic
926 1770 1054 1805 restant
1084 1770 1154 1817 xlvj
1188 1770 1303 1816 lagine
1334 1771 1369 1818 iij
1389 1778 1511 1817 quarte
1532 1773 1685 1809 ceruifie.

279 1856 491 1893 COQUINA.
520 1848 637 1896 Empt’
656 1848 690 1895 ijc
708 1848 815 1882 alleca
834 1861 846 1882 l
865 1848 900 1894 ijc
916 1847 1023 1894 pisces
1041 1847 1107 1894 albj
1128 1861 1141 1882 l
1159 1848 1181 1895 ij
1201 1848 1370 1883 salmones
1388 1849 1427 1896 [j
1448 1848 1518 1884 sole
1538 1864 1548 1884 Ι
1567 1851 1589 1897 ij
1610 1864 1688 1885 can-

279 1930 326 1964 cri
347 1943 358 1963 s
378 1929 410 1975 xj
430 1928 516 1962 libre
535 1926 638 1973 butirj
661 1940 672 1960 s
690 1926 749 1972 viij
779 1925 865 1960 libre
896 1924 968 1972 eafij
990 1939 1001 1959 l
1021 1926 1057 1959 in
1075 1926 1150 1960 ouis
1171 1939 1182 1959 Ι
1201 1930 1236 1960 et
1253 1927 1366 1972 pomis
1398 1940 1409 1960 l
1440 1928 1524 1975 varij
1554 1929 1659 1976 precij
1676 1942 1687 1961 l

280 2009 421 2043 Summa
439 2005 558 2052 xxxiiij
579 2010 593 2040 Ξ
612 2005 656 2052 iiij
676 2005 700 2040 d
727 2017 738 2038 s
765 2009 800 2039 et
818 2007 953 2050 expen’.

760 2082 902 2116 Summa
919 2095 942 2115 x
959 2082 984 2116 fi
1001 2081 1049 2128 iiij
1069 2087 1084 2117 Ξ
1102 2081 1133 2127 vj
1153 2082 1187 2116 d.

329 2245 412 2275 DIE
432 2243 594 2274 SABOTI
614 2237 698 2271 xxvi
713 2236 873 2282 Augusti.
925 2241 1171 2272 PANETRIA.
1199 2234 1257 2269 De
1274 2236 1474 2282 preintratis
1489 2249 1501 2270 l
1517 2238 1639 2283 expen'
1653 2238 1690 2272 in

282 2317 455 2352 dominico
481 2315 512 2362 vj
541 2326 647 2362 panes
665 2327 676 2348 l
696 2314 739 2348 de
769 2313 918 2348 seeundo
939 2314 968 2360 jc
994 2313 1115 2360 xxxiiij
1135 2326 1241 2361 panes
1261 2327 1272 2348 t
1292 2313 1435 2349 Summa
1463 2313 1689 2361 expensarum
