1861 2703
287 273 331 303 14.
759 266 918 302 LIBER
947 264 1223 300 DOMICILH
1594 271 1698 302 1525.

288 364 426 401 ceruifie
447 377 457 397 s
477 367 511 396 et
540 361 583 395 fic
611 361 738 396 restant
756 368 789 397 vc
807 369 858 398 vxx
876 362 991 409 lagine
1012 364 1027 409 J
1055 368 1177 408 quarta
1195 362 1346 398 ceruifie.
1399 369 1613 406 COQUINA.
1642 363 1700 398 De

288 442 485 490 preintratis
505 454 515 474 l
536 440 660 487 expen'
672 441 687 486 j
708 445 819 474 merta
837 440 985 475 herbalis
1004 454 1016 475 s
1036 446 1071 475 et
1087 440 1131 475 fic
1149 452 1237 487 eque
1265 454 1275 474 s
1306 440 1396 475 Item
1415 442 1520 488 empt'
1544 444 1558 488 j
1591 447 1702 476 merta

287 520 436 555 herbalis
462 519 555 566 price
573 531 644 552 xxx
662 523 676 553 ἒ
704 532 715 552 s
743 519 785 553 de
803 532 872 565 qua
889 522 1014 566 expen’
1033 519 1056 566 ὲ
1074 524 1197 565 quarta
1216 532 1226 552 t
1246 524 1281 553 et
1299 518 1342 553 fic
1360 518 1486 553 restant
1500 519 1562 567 iijss
1578 526 1700 566 quarte

288 602 397 632 inerte
418 611 428 631 s
451 597 540 632 Item
559 597 663 643 empt’
675 597 756 644 xviij
777 602 939 632 mutones
956 598 1003 644 iiij
1022 597 1048 631 fi
1065 596 1112 643 iiij
1132 602 1147 631 ἔ
1166 610 1177 630 l
1196 597 1242 643 iiij
1262 596 1382 643 lingue
1399 596 1519 644 bouinj
1538 611 1549 631 Ι
1570 600 1602 644 vJ'
1616 598 1702 633 libre

290 677 363 722 cepj
384 689 395 708 l
415 676 461 722 iiij
477 681 491 709 ἔ
510 688 521 708 s
541 675 562 721 ij
582 674 726 721 porcellj
744 688 754 707 l
772 674 793 720 ij
806 686 890 708 auce
905 674 1032 708 solares
1048 687 1059 708 s
1080 687 1102 708 v
1115 679 1130 708 ἔ
1147 674 1194 721 iiij
1210 674 1235 709 d
1250 687 1260 707 1
1279 674 1375 721 xlviij
1391 675 1476 721 pullj
1491 675 1702 721 gallinarum

289 754 334 799 xij
351 758 365 787 ἔ
384 766 394 786 s
414 753 543 799 xxxviij
559 753 675 800 pultre
694 753 775 799 xxiij
789 758 803 787 Ξ
823 766 833 786 s
854 753 888 786 ix
900 765 1048 800 capones
1062 765 1085 786 x
1097 758 1111 787 ἔ
1130 754 1163 799 vj
1176 752 1200 787 d
1215 764 1226 786 s
1241 752 1287 798 xij
1301 751 1463 799 pluuiarij
1480 753 1538 800 viij
1555 758 1570 788 Ξ
1585 766 1597 787 s
1612 767 1635 787 x
1648 766 1707 788 cu-

289 831 396 866 niculi
415 831 485 877 xiiij
505 836 520 865 3
537 831 559 877 ij
578 831 601 866 d
621 844 631 864 s
651 831 721 877 xxij
741 830 825 877 pullj
846 830 1088 865 columbarum
1118 830 1153 877 iij
1173 836 1188 865 ἔ
1205 829 1262 876 viij
1282 830 1306 865 d
1326 843 1336 863 l
1351 831 1378 876 J'C
1396 842 1501 876 poma.
1520 844 1531 864 l
1550 831 1587 864 lx
1604 831 1680 878 pira
1693 845 1704 865 l

290 909 348 955 xvj
364 910 387 943 d
407 923 417 943 l
437 909 471 942 lx
483 921 550 943 oua
561 911 618 955 xvj
633 910 657 943 d
673 922 682 942 l
700 909 735 942 in
753 909 844 956 cepis
864 922 874 942 s
895 914 929 943 et
947 909 1091 955 cenapio
1112 921 1122 942 Ι
1142 908 1227 954 val-ij
1241 908 1346 954 precij
1363 921 1373 941 s
1387 921 1433 941 xx
1447 908 1471 942 d
1486 922 1497 942 s
1513 913 1547 942 et
1562 911 1704 956 expen's

294 987 353 1021 De
368 987 566 1033 preintratis
582 1000 592 1020 s
613 988 735 1033 expen’
754 987 811 1033 viij
828 986 913 1021 libre
927 986 1031 1033 butirj
1054 1000 1064 1019 Ι
1084 992 1118 1020 et
1136 985 1179 1020 fic
1197 984 1324 1019 restant
1343 985 1389 1031 iiij
1409 991 1508 1032 petre
1526 985 1644 1033 butirj.

819 1065 962 1098 Summa
979 1064 1014 1097 ix
1030 1064 1054 1098 ii
1073 1064 1132 1097 xix
1151 1069 1175 1098 ἔ.

343 1227 424 1256 DIE
449 1227 580 1256 JOUIS
596 1220 643 1253 xii
659 1219 838 1254 Oetobris.
876 1225 1122 1255 PANETRIA.
1151 1218 1209 1253 De
1221 1218 1421 1265 preintratis
1436 1232 1447 1252 s
1463 1220 1585 1266 expen’
1601 1220 1636 1254 in
1649 1220 1707 1254 do-

295 1300 421 1333 minico
440 1304 475 1332 et
493 1298 643 1332 secundo
658 1298 750 1345 apud
765 1297 973 1344 Edinburgh
990 1298 1027 1332 in
1041 1297 1189 1344 prandio
1207 1302 1257 1331 vxx
1272 1297 1304 1343 vj
1320 1309 1427 1343 panes
1446 1310 1457 1331 t
1477 1297 1568 1332 etsie
1581 1298 1709 1333 restant

294 1377 351 1424 ijm
364 1383 394 1411 vc
408 1377 489 1410 xxix
501 1388 617 1423 panes.
671 1381 984 1412 BUTELLARIA.
1013 1375 1071 1409 De
1086 1372 1227 1409 ceruifia
1246 1387 1258 1408 l
1277 1376 1401 1421 expen’
1415 1375 1510 1422 xxiiij
1523 1375 1639 1422 lagine
1652 1389 1663 1410 l
1676 1382 1710 1410 et

294 1455 338 1490 fic
352 1455 478 1489 restant
489 1454 581 1501 apud
595 1453 803 1500 Edinburgh
818 1454 864 1501 iijf
878 1453 1022 1501 lxxxxiij
1038 1453 1154 1499 lagine
1161 1455 1175 1499 j
1189 1457 1312 1498 quarta
1323 1451 1474 1487 ceruifie.
1495 1460 1708 1497 COQUINA.

296 1533 355 1567 De
373 1533 572 1579 preintratis
592 1546 602 1566 s
623 1535 746 1580 expen'
759 1533 775 1578 j
796 1537 908 1567 merta
927 1545 938 1565 l
958 1537 992 1566 et
1010 1530 1053 1566 fic
1070 1530 1198 1565 restant
1215 1543 1287 1564 xxx
1305 1536 1415 1565 merte
1438 1531 1462 1578 ὲ
1480 1538 1603 1577 quarta
1621 1545 1633 1566 l
1653 1533 1710 1567 De

301 1612 499 1657 preintratis
519 1625 529 1644 l
550 1612 673 1658 expen’
700 1612 733 1656 vj
763 1616 926 1645 mutones
953 1609 1012 1656 iij}
1030 1614 1152 1655 quarte
1180 1622 1191 1642 l
1219 1614 1254 1642 et
1271 1607 1313 1642 fic
1340 1621 1427 1654 eque
1456 1622 1467 1643 t
1496 1609 1587 1644 Item
1606 1613 1712 1658 empt'

298 1690 320 1735 iJ'
340 1689 483 1735 porcellJ'
505 1702 515 1722 l
536 1689 591 1736 xxj
612 1689 728 1735 pultre
748 1702 758 1722 t
778 1689 825 1735 iiij
853 1699 1002 1735 capones
1022 1701 1032 1720 l
1051 1689 1108 1734 xvj
1129 1686 1280 1733 cuniculj
1301 1700 1312 1720 l
1332 1687 1366 1720 ix
1384 1686 1546 1734 pluuiarij
1567 1701 1578 1721 l
1597 1700 1619 1722 v
1636 1701 1712 1735 per-

302 1768 393 1801 dices
413 1781 423 1800 l
439 1770 452 1813 j
473 1779 559 1801 auca
576 1766 772 1814 campestris
791 1779 801 1800 s
821 1767 857 1799 in
875 1765 1024 1812 mugatis
1044 1778 1055 1799 l
1074 1765 1218 1812 cenapio
1239 1778 1250 1798 Ι
1270 1769 1304 1798 et
1322 1764 1430 1799 ordeo
1450 1778 1461 1798 l
1480 1765 1564 1811 varij
1579 1767 1686 1813 precij
1701 1781 1711 1800 s

304 1845 445 1879 Summa
458 1845 491 1891 iij
508 1845 532 1879 ii
551 1847 584 1891 xj
604 1850 618 1879 ἔ
635 1857 656 1879 v
675 1845 699 1879 d
718 1857 728 1877 s
749 1849 783 1878 et
801 1844 924 1890 expen’
944 1856 955 1877 l
975 1843 1033 1877 De
1047 1843 1246 1890 preintratis
1266 1856 1275 1875 s
1296 1844 1419 1890 expen'
1433 1842 1467 1876 ix
1481 1842 1568 1877 libre
1580 1843 1683 1890 butirj
1702 1857 1712 1877 s

303 1930 336 1957 et
353 1922 396 1956 fic
414 1921 540 1956 restant
558 1923 579 1968 ij
598 1927 697 1968 petre
715 1923 748 1968 xj
768 1921 855 1955 libre
873 1920 990 1967 butirj.

356 2084 518 2113 EODEM
536 2084 618 2114 DIE
639 2092 650 2111 t
670 2078 769 2112 finito
786 2077 934 2125 prandio
949 2077 984 2111 in
1000 2075 1209 2121 Edinburgh
1228 2088 1239 2109 s
1258 2074 1435 2109 Dominus
1452 2074 1531 2109 Rex
1546 2075 1713 2121 equitauit

151 2161 276 2190 *finding
305 2156 421 2189 versus
438 2155 588 2202 burgum
615 2156 658 2189 de
685 2155 876 2201 Striueling
906 2155 942 2189 in
973 2167 1069 2189 cena.
1121 2158 1369 2189 PANETRIA.
1397 2152 1522 2187 Intrat’
1539 2165 1602 2199 per
1621 2152 1714 2187 Wal-

305 2240 419 2267 terum
440 2232 537 2267 Scott
555 2233 714 2280 pistorem
728 2233 786 2279 viij
799 2232 891 2267 bolle
908 2233 1074 2278 frumentj
1093 2231 1193 2265 firme
1211 2231 1254 2265 de
1272 2230 1341 2264 Fiff
1356 2244 1366 2264 Ι
1387 2230 1429 2264 de
1447 2230 1571 2276 quibus
1588 2242 1713 2277 proue-

302 2317 431 2347 nerunt
450 2312 485 2345 in
503 2311 649 2358 panibus
666 2312 713 2357 vjc
730 2310 765 2345 lv
783 2322 889 2357 panes
907 2310 949 2344 de
968 2309 1117 2345 secundo
1148 2314 1183 2344 et
1213 2309 1388 2343 dominico
1416 2322 1426 2342 s
1454 2308 1497 2342 de
1514 2307 1638 2353 quibus
1656 2321 1712 2343 ex-
