1861 2703
66 349 205 373 Faulkland.

63 684 166 711 Stirling-

66 812 128 834 Edin
134 813 218 840 burgh-

63 940 200 969 Linlithqw.

62 1076 167 1105 Stitling.

64 1210 141 1232 Perrh.

63 1277 156 1299 Dunde.

61 1343 202 1365 Faulkland.

62 2323 194 2352 Striueliug.

274 248 321 283 36
830 247 1126 283 APPENDIX.
1572 253 1681 284 1532.

316 346 379 374 Dm
396 345 528 374 MAn‘ns
543 345 553 374 i
572 345 724 376 Octobris.

318 411 384 440 Dm
404 411 584 441 Mencnmi
601 411 622 440 ii
642 411 794 442 Octobris,
838 411 888 450 xvj
906 421 1035 451 capones
1051 410 1101 450 viij
1119 410 1218 450 pultre
1234 410 1270 441 de
1288 411 1346 441 Fif.

315 476 384 506 Dm
399 476 495 505 Joms
512 476 543 506 iii
563 476 716 507 Octobris.
762 477 790 516 vj
807 487 937 517 capones
953 477 1004 516 xxj
1022 475 1121 516 pultre
1136 475 1173 505 de
1190 476 1251 506 Fif.

314 543 379 571 Dm
397 543 563 572 DOMINICO
580 542 609 572 vi
629 542 781 573 Octobris.
830 541 934 572 Intrat'
951 553 988 572 ex
1004 541 1083 571 dono
1101 541 1227 571 Domini
1249 541 1286 571 de
1312 542 1440 572 Baward
1463 553 1484 572 x
1506 543 1607 584 lagine
1623 555 1685 574 cer—

270 608 437 648 uisie.—vj
455 619 594 649 capones,
611 608 675 648 xxij
693 608 792 648 pultre
808 607 844 637 de
863 607 921 637 Fif.

314 674 383 703 Dm
401 674 497 703 Lvrm
515 673 555 703 vii
574 673 727 704 Octobris.
776 673 894 714 Expen’
917 674 998 714 apud
1023 673 1193 704 Faulkland
1209 673 1284 714 xliiij
1303 684 1403 714 panes.
1452 675 1542 715 Apud
1559 675 1684 717 Stirling

271 742 301 769 in
317 751 401 770 cena.

312 805 380 834 Dm
399 806 579 835 Mencunn
596 806 629 835 ix
649 805 801 836 Octobris.

314 871 380 900 Dm
401 871 553 901 VENERIS
570 872 601 901 xi
621 872 774 902 Octobris,
823 872 928 903 Intrat’
945 873 975 913 iij
992 872 1092 903 celdre
1108 872 1136 912 vj
1153 872 1233 902 bolle
1248 872 1330 902 ordei
1345 872 1429 902 firme
1444 873 1482 902 de
1500 872 1558 902 Fif.

314 938 383 967 Dm
413 938 537 968 Srfflo'ri
562 938 605 968 xii
635 938 788 968 Octobris.
845 938 881 967 In
912 938 1081 979 Linlithqw
1107 938 1199 979 empt’
1227 937 1301 978 xliiij
1329 938 1430 979 lagine
1457 938 1581 969 ceruisie
1606 939 1647 979 iiij
1665 940 1685 969 ii

271 1004 298 1044 xj
317 1008 328 1032 Ξ
346 1004 394 1043 viij
412 1006 440 1032 d.

315 1070 381 1099 Dm
398 1070 495 1099 LUNE
513 1070 576 1099 xiiii
596 1070 747 1101 Octobris.
794 1071 833 1100 In
851 1070 977 1109 Stin-ling
992 1071 1099 1111 expen’
1116 1074 1162 1099 vxx
1176 1071 1213 1110 vij
1231 1081 1333 1111 panes.

318 1136 383 1165 Dm
404 1136 538 1165 Mauris
555 1146 596 1164 xv
615 1136 767 1166 Octobris.
812 1136 831 1176 ij
849 1136 947 1165 celilrc
962 1135 1105 1165 frumenti
1122 1135 1158 1165 de
1176 1135 1234 1164 Fif.

318 1202 384 1231 Dm
402 1202 546 1231 VENEms
562 1201 635 1231 xviii
656 1201 808 1232 Octobris.
858 1201 892 1230 In
909 1211 983 1231 cena
998 1200 1077 1241 apud
1093 1200 1222 1241 burgum
1239 1200 1275 1230 de
1294 1200 1398 1231 Perth.

314 1268 383 1297 Dm
402 1268 520 1298 SAnon
537 1268 590 1297 xix
609 1267 762 1298 Octobris.
809 1267 900 1308 Apud
919 1266 1012 1297 Perth
1027 1266 1058 1296 in
1074 1266 1210 1307 prandio.

314 1335 380 1364 Dm
396 1335 514 1364 SABOTi
531 1335 604 1364 xxvi
624 1334 775 1364 Octobris.
824 1333 914 1374 Apud
944 1332 1112 1363 Faulkland
1131 1333 1238 1374 expen'
1255 1333 1354 1362 lxxxx
1370 1343 1472 1374 panes.
1522 1333 1627 1364 Intrat’
1649 1345 1687 1364 ex

270 1402 347 1430 dono
366 1400 492 1431 Domini
511 1401 622 1431 Prioris
649 1400 863 1431 Sanctiandree
886 1400 939 1429 lxx
965 1399 1066 1440 lagine
1081 1399 1216 1430 ceruisie.
1263 1399 1340 1430 Item
1364 1410 1402 1429 ex
1425 1399 1504 1429 dono
1518 1399 1635 1430 abbatis
1650 1400 1686 1429 de

273 1467 426 1497 Lunduris
441 1473 472 1497 et
490 1467 639 1508 prepositi
656 1466 692 1497 de
711 1466 805 1497 Perth
821 1466 910 1496 misse
926 1476 1029 1496 versus
1046 1465 1216 1496 Faulkland
1230 1465 1272 1506 xij
1289 1465 1390 1506 lagine
1406 1465 1540 1496 ceruisie.

312 1533 381 1562 Dm
398 1532 568 1562 Donmxco
584 1533 668 1562 xxvii
682 1532 833 1563 Octobris.
878 1532 928 1572 viij
946 1542 1085 1573 capones,
1103 1531 1122 1572 ij
1139 1531 1237 1573 pultre
1253 1531 1290 1561 de
1307 1532 1365 1561 Fif.

314 1600 381 1629 Dm
403 1599 502 1629 LUNE
519 1599 615 1628 xxviii
631 1598 783 1628 Octobris.
822 1599 835 1638 j
848 1608 931 1639 grus,
945 1598 957 1638 j
975 1608 1051 1627 auca
1062 1596 1236 1637 campestris
1252 1608 1305 1638 per
1317 1597 1486 1627 Dominum
1502 1597 1683 1632 Nauchtaru

269 1666 280 1704 j
301 1675 383 1705 grus,
410 1665 423 1704 j
448 1675 522 1695 auca
545 1664 719 1705 campestris
743 1674 796 1704 per
813 1663 980 1693 Dominum
996 1662 1033 1692 de
1052 1661 1186 1697 Rothes;
1209 1662 1229 1703 ij
1253 1673 1327 1693 auce
1349 1669 1530 1704 campestres
1556 1674 1609 1705 per
1626 1664 1685 1694 Pe-

270 1737 349 1760 trum
376 1728 577 1764 Carmiche113
601 1729 620 1770 ij
643 1740 715 1759 auce
739 1740 792 1769 per
819 1729 978 1759 Decanum
1004 1728 1275 1763 Dunblanensem;
1298 1729 1358 1769 xvij
1384 1740 1456 1759 aues
1482 1730 1610 1760 morales
1631 1741 1684 1770 per

273 1796 431 1826 Oliuerum
449 1794 574 1836 Napton
590 1795 776 1836 prepositum
791 1795 827 1825 de
846 1794 950 1825 Perth.

319 1861 385 1891 Dm
406 1861 540 1891 MAnT1s
556 1862 632 1891 xxix
652 1860 804 1892 Octobris.
850 1860 925 1901 lxxij
943 1871 1082 1901 capones,
1098 1860 1187 1890 lxxix
1203 1861 1310 1901 pultre,
1328 1871 1347 1889 x
1363 1871 1436 1891 auce
1452 1871 1525 1891 caue
1541 1861 1578 1891 de
1596 1861 1652 1891 Fit:

313 1928 380 1957 Dm
411 1927 593 1958 MEsscnnii
621 1937 685 1957 xxx
716 1926 868 1957 Octobris.
932 1927 951 1966 ij
980 1926 1072 1967 cigni,
1100 1926 1130 1966 iij
1158 1936 1231 1956 auce
1258 1931 1438 1967 campestres
1466 1937 1520 1967 per
1547 1925 1682 1957 Priorem

272 1993 485 2024 Sanctiandree
498 2005 505 2029 ;
531 1994 558 2034 vj
576 1993 721 2030 cuniculi,
739 1993 759 2033 ij
776 1992 965 2023 conturnices
980 2003 1032 2033 per
1049 1991 1217 2022 Dominum
1236 1991 1396 2032 Culluthy.

313 2060 380 2088 Dm
406 2059 503 2089 Joms
534 2059 609 2089 xxxi
640 2058 791 2089 Octobris.
848 2058 948 2099 Empt’
976 2058 1006 2087 in
1036 2056 1129 2088 Pei-th
1156 2057 1239 2097 xxvij
1264 2057 1365 2098 lagine
1391 2058 1525 2095 ceruisie‚
1554 2058 1680 2099 pricium

278 2125 374 2165 xxxvj
389 2128 411 2154 ὲ.

555 2192 680 2222 Summa
695 2191 796 2221 totalis
811 2190 921 2221 mensis
941 2190 1081 2221 Octobris
1096 2186 1140 2231 iijc
1154 2190 1206 2230 xlij
1223 2190 1246 2220 ii
1261 2190 1289 2231 vj
1307 2194 1318 2219 Ξ
1334 2190 1353 2231 ij
1370 2193 1398 2220 d.

1385 2256 1466 2278 Tenet.

312 2324 379 2353 Dm
403 2323 554 2354 Vannius
571 2323 578 2354 ἰ
596 2322 790 2354 Nouembris.
838 2323 954 2364 Expen'
970 2323 1049 2364 apud
1068 2322 1161 2353 Perth
1178 2328 1206 2353 et
1225 2322 1388 2363 Striueling
1399 2323 1424 2363 jc
1439 2332 1479 2351 xx
1497 2333 1598 2363 panes.
