1861 2703
134 247 238 283 1529.
621 240 777 276 REGIS
802 239 993 276 JACOBI
1020 240 1066 275 V.
1484 244 1551 277 159

131 340 280 388 pricium
445 351 456 372 Ι
476 338 518 373 de
535 338 659 384 quibus
677 338 802 385 expen’
822 343 872 371 vxx
891 350 913 371 v
931 350 1038 384 panes
1066 351 1076 371 t
1105 342 1139 371 et
1163 336 1205 371 fic
1224 335 1349 370 restant
1368 349 1413 370 xv
1432 348 1549 383 panes.

133 495 212 542 pen'
231 496 314 542 xxvj
333 493 475 541 laginej
496 499 621 539 quarta
638 492 779 528 ceruilie
800 507 810 527 s
831 499 866 528 et
884 492 927 527 fic
946 493 1073 527 restant
1092 493 1200 540 xxxiij
1221 493 1337 539 lagine
1366 493 1398 538 iij
1430 498 1552 538 quarto

133 572 285 608 ceruifie.
337 578 560 615 COQUINA.
590 571 708 618 Empt’
725 577 759 606 vc
777 571 844 618 albj
859 571 965 618 pisces
979 584 1026 606 xx
1041 577 1056 607 Ξ
1075 585 1086 606 s
1099 572 1113 618 j
1130 571 1224 606 mulo
1241 571 1275 617 sj
1292 583 1377 605 rone
1395 584 1405 604 s
1419 571 1488 617 xxij
1505 571 1529 604 d
1543 584 1554 603 s

134 651 169 697 iij
188 649 297 697 girlfis
314 650 360 698 iiij
382 655 397 685 Ξ
418 664 425 685 l
448 651 469 698 ij
489 655 587 698 petre
605 649 638 696 vj
659 649 746 683 libre
764 649 870 697 butirj
891 652 948 696 xxj
968 655 983 684 Ξ
1003 650 1041 697 sj
1061 655 1160 697 petra
1188 650 1245 696 xiij
1275 649 1362 683 libre
1381 648 1454 695 ealij
1476 649 1520 695 vij
1540 652 1555 681 Ξ

134 729 169 762 ix
186 728 210 764 d
229 742 240 762 l
253 728 282 776 jc
300 741 346 762 xx
365 741 433 762 oua
452 728 484 775 iij
504 732 519 762 Ξ
537 741 559 762 x
577 728 601 762 d
621 741 631 761 s
651 732 686 762 et
706 729 843 775 expen’.

614 805 758 840 Summa
776 806 811 839 ix
828 806 854 840 fi
872 806 917 853 xij
939 811 953 840 Ξ
972 806 1015 852 vij
1035 806 1070 841 d.

186 971 267 1000 DIE
293 969 492 999 VENERIS
510 962 570 995 xvi
588 961 687 997 Julii.
743 968 990 998 PANETRIA.
1032 961 1090 995 De
1116 961 1318 1008 preintratis
1339 974 1349 995 s
1370 961 1494 1007 expen’
1512 961 1557 1006 lxj

138 1054 244 1089 panes
280 1055 290 1075 l
326 1047 361 1076 et
396 1041 438 1076 fic
469 1041 596 1076 restant
626 1040 686 1074 xix
719 1053 837 1088 panes.
900 1045 1181 1076 BUTELARIA.
1236 1038 1371 1086 Expen’
1402 1040 1439 1072 in
1469 1039 1561 1073 (lietu

136 1120 358 1168 precedente.
427 1126 645 1163 COQUINA.
692 1119 810 1165 Empt’
836 1119 871 1166 ijc
898 1119 964 1166 albj
993 1118 1100 1165 pisces
1130 1132 1141 1153 s
1169 1119 1203 1152 ix
1229 1117 1338 1163 girlfis
1366 1131 1376 1151 s
1399 1118 1413 1164 j
1434 1118 1531 1152 mulo
1548 1131 1558 1150 l

139 1199 199 1246 iiijc
217 1199 349 1245 rigadia
376 1212 387 1232 l
408 1198 437 1245 j‘
454 1198 490 1232 xl
508 1198 695 1245 speldingis
716 1211 726 1232 s
746 1197 779 1245 iij
800 1197 880 1245 lueij
902 1214 912 1231 l
932 1198 969 1232 in
986 1197 1079 1232 laete
1100 1211 1111 1231 l
1131 1197 1206 1232 ouis
1226 1211 1237 1231 s
1257 1202 1292 1232 et
1309 1196 1426 1231 butiro
1446 1210 1457 1231 s
1477 1197 1562 1242 varij

140 1277 246 1324 precij
277 1291 287 1311 Ι
317 1278 460 1312 Summa
478 1276 560 1323 xxxj
581 1281 596 1311 Ξ
614 1277 660 1324 iiij
680 1276 704 1311 d
723 1290 734 1310 s
755 1281 790 1311 et
809 1277 942 1323 expen’.

196 1439 366 1470 EODEM
390 1439 485 1469 DIE.
537 1432 716 1467 Dominus
749 1432 829 1467 Rex
862 1432 1032 1478 equitauit
1061 1431 1104 1466 de
1133 1431 1330 1465 Faulkland
1348 1431 1466 1466 versus
1484 1431 1563 1465 bur-

142 1524 225 1559 gum
244 1511 287 1546 de
306 1511 499 1557 Striueling
518 1524 528 1544 l
547 1509 660 1546 soluto
679 1509 836 1545 difiunio.
889 1515 1143 1546 PANETRIA.
1172 1509 1229 1544 De
1255 1511 1455 1557 preintratis
1475 1524 1486 1544 l
1506 1523 1563 1545 ex·
1577 1516 1650 1540 Striue
1663 1518 1702 1539 im·

142 1591 221 1638 pen'
239 1596 289 1624 vxx
308 1603 331 1624 x
349 1602 455 1637 panes
485 1603 495 1622 Ι
527 1595 562 1624 et
591 1589 634 1623 fic
660 1588 789 1624 restant
806 1589 930 1623 vltimo
949 1588 1047 1636 Julij.
1100 1595 1385 1625 BUTELARIA.
1428 1589 1563 1636 Expen’

145 1669 188 1702 de
207 1666 348 1702 ceruifia
366 1667 560 1715 preintrata
579 1667 686 1715 xxviij
708 1667 823 1714 lagIne
843 1666 983 1702 ceruifie
1016 1680 1026 1701 t
1059 1672 1093 1701 et
1119 1666 1162 1701 fic
1188 1667 1379 1714 restantjffl
1397 1667 1431 1714 lij
1452 1668 1565 1713 lagine

146 1747 179 1794 iij
201 1752 322 1793 quarte
342 1745 494 1781 ceruifie.
548 1752 762 1789 COQUINA.
804 1746 922 1793 Empt’
943 1746 971 1792 jc
1001 1745 1037 1779 lx
1067 1745 1133 1792 albj
1166 1745 1272 1792 pisces
1304 1760 1314 1779 l
1347 1759 1368 1779 x
1386 1745 1493 1792 girllis
1514 1760 1524 1779 s
1544 1759 1567 1779 x

145 1830 239 1859 trute
260 1839 271 1858 l
290 1838 312 1859 v
330 1824 500 1858 salmones
518 1830 677 1860 recentes
710 1838 721 1859 1
750 1825 786 1858 in
813 1825 918 1859 trutis
944 1824 1155 1858 torrentium
1188 1837 1199 1857 l
1230 1824 1383 1858 fundulis
1416 1841 1425 1857 s
1458 1825 1533 1858 ouis
1554 1838 1564 1858 s

147 1903 214 1938 sale
243 1916 254 1936 l
282 1907 316 1936 et
334 1903 430 1937 caseo
463 1916 473 1936 s
505 1903 590 1950 varij
610 1903 715 1950 precij
746 1916 757 1936 l
787 1903 932 1937 Summa
961 1903 995 1949 iij
1015 1903 1039 1936 ii
1064 1902 1120 1949 viij
1141 1908 1155 1938 Ξ
1174 1902 1230 1948 viij
1250 1902 1274 1936 d
1305 1916 1316 1936 s
1349 1908 1383 1936 et
1414 1905 1564 1949 expen's

150 1981 242 2016 Item
261 1980 412 2027 expen’j
434 1983 560 2028 petraj
580 1980 670 2015 libra
686 1981 791 2028 butirj
813 1994 825 2015 s
845 1986 879 2016 et
896 1980 940 2015 fic
958 1994 1045 2027 eque
1074 1994 1086 2015 s
1114 1981 1205 2015 Item
1237 1982 1342 2028 empt’
1360 1982 1382 2028 ij
1401 1987 1499 2028 petre
1518 1982 1563 2027 iiij

148 2059 235 2093 libre
253 2058 359 2105 butirj
379 2059 436 2105 xvj
457 2059 497 2106 §j
518 2059 542 2094 d
562 2072 572 2093 s
592 2064 627 2093 et
645 2060 770 2106 expen'
798 2059 831 2106 iij
865 2059 952 2093 libre
980 2059 1083 2107 butirj
1118 2073 1129 2094 s
1161 2065 1195 2094 et
1221 2059 1264 2095 fic
1283 2060 1409 2095 restant
1427 2060 1448 2107 ij
1468 2067 1566 2107 petre

150 2214 277 2249 restant
294 2214 353 2262 lvij
373 2215 543 2250 mulones.

652 2294 795 2328 Summa
812 2307 833 2329 v
851 2295 875 2329 ii
894 2294 949 2341 xvj
971 2297 1012 2341 Ξ]
1030 2295 1063 2330 d.
