1861 2703
174 235 278 266 1528.
663 230 818 266 REGIS
842 230 1033 266 JACOBI
1062 232 1106 266 V.
1527 239 1597 269 ‘203

172 329 323 363 letorum
350 326 505 374 Magistrj
537 327 670 362 Auerie
695 328 957 362 remanencium
978 334 1076 363 extra
1094 330 1309 364 domicilium
1350 343 1413 378 pei·
1441 332 1595 377 quinque

172 407 245 440 dies
262 405 319 452 viij
340 411 354 441 ’ἐ
371 406 418 452 iiij
437 406 461 440 d
487 419 498 439 l
528 405 617 440 Item
637 407 672 440 in
690 407 799 454 gagijs
819 406 1050 441 Donaldl'ouu
1071 408 1104 441 in
1120 409 1241 442 aueria
1260 421 1320 455 per
1340 409 1431 442 idem
1455 415 1595 455 tempus

172 485 205 530 vj
225 488 240 517 Ξ
258 484 313 530 viij
333 484 367 518 d.

581 564 724 597 Summa
741 565 888 610 pecunie
908 578 1002 600 xxxv
1021 567 1044 601 ii
1065 569 1120 613 xvj
1142 567 1177 601 d.

222 719 347 754 PRIMO
366 718 562 754 JANUARH.
617 719 717 765 Rege
748 726 951 754 remanente
971 721 1006 754 in
1025 721 1219 767 Striueling
1237 734 1248 754 l
1269 723 1393 768 expen’
1413 722 1514 768 super
1532 724 1592 769 xxj
1611 735 1744 764 striuenng.

171 799 268 844 equis
286 797 437 832 eiusdem
457 798 718 832 remanentibus
735 798 772 832 in
791 798 984 845 Striueling
997 812 1016 833 a
1028 799 1123 833 dieto
1143 799 1198 834 die
1214 799 1316 845 vsque
1336 800 1420 847 xviij
1441 801 1593 835 eiusdem

171 874 344 910 exclufiue
365 889 375 909 t
394 876 451 922 quj
473 875 550 910 suut
563 876 632 922 xvij
649 876 721 910 dies
736 889 747 910 s
761 876 976 922 capientibus
989 877 1186 911 mensuram
1203 877 1382 923 duplicem
1401 891 1411 911 t
1429 879 1594 924 capienti-

173 953 235 987 bus
254 953 274 1000 ij
296 953 404 987 bollas
422 954 443 1000 ij
463 954 596 988 firlotas
613 953 636 1000 ij
656 966 778 1001 peccas
796 966 988 988 auenarum
1007 954 1043 987 in
1062 954 1116 987 die
1145 968 1155 987 s
1183 954 1332 988 Summa
1358 956 1381 1001 ij
1410 956 1527 990 celdre
1545 957 1591 1003 xij

173 1032 265 1066 bolle
283 1033 305 1078 ij
324 1032 439 1066 firlote
459 1032 479 1078 ij
501 1044 603 1079 pecce
622 1044 813 1066 auenarum
836 1045 846 1065 s
867 1032 1016 1078 demptis
1034 1031 1144 1066 tribus
1170 1031 1273 1066 bollis
1301 1032 1343 1066 de
1374 1033 1503 1080 pabulo
1523 1047 1595 1068 cer-

172 1117 290 1145 torum
309 1123 479 1156 equorum
500 1110 644 1157 Dominj
664 1110 771 1156 Regis
791 1124 802 1144 s
822 1116 856 1144 et
868 1109 911 1144 fic
927 1110 1070 1144 Summa
1090 1110 1110 1157 ij
1131 1110 1249 1144 celdre
1269 1113 1302 1157 xj
1323 1111 1415 1145 holle
1433 1111 1455 1157 ij
1478 1112 1594 1146 firlote

172 1190 194 1236 ij
210 1202 315 1236 pecce
334 1201 525 1223 auenarum
546 1202 556 1222 t
576 1189 619 1223 de
633 1188 756 1234 quibus
776 1189 907 1236 empt’j
925 1189 1042 1223 celdra
1054 1190 1088 1224 ix
1101 1189 1221 1236 bollej
1238 1189 1356 1223 firlota
1371 1203 1563 1225 auenarum
1581 1205 1592 1225 l

172 1269 320 1314 pricium
340 1267 433 1302 bolle
452 1267 509 1314 viij
530 1272 545 1302 S
573 1279 580 1301 l
611 1267 754 1302 Summa
772 1281 794 1301 x
813 1268 837 1302 ii
856 1267 877 1314 ij
900 1272 915 1301 ἔ
940 1280 951 1300 t
976 1273 1011 1301 et
1028 1266 1202 1302 residuum
1221 1268 1412 1315 videlicetj
1434 1269 1551 1303 celdra
1569 1270 1590 1316 ij

173 1345 265 1380 bolle
284 1345 305 1391 ij
325 1345 441 1379 firlote
460 1345 481 1392 ij
501 1357 606 1391 pecce
625 1345 725 1379 firme
745 1345 787 1379 de
807 1345 877 1379 Fiff
901 1359 911 1379 s
941 1346 1032 1380 Item
1052 1346 1152 1381 solut’
1182 1347 1220 1380 in
1249 1347 1359 1394 gagijs
1389 1347 1458 1394 fenj
1492 1348 1595 1382 diffls

173 1424 270 1469 equis
299 1436 361 1469 per
389 1423 481 1457 idem
511 1428 649 1470 tempus
678 1423 710 1470 vj
729 1424 755 1458 fi
773 1424 817 1470 vij
838 1429 853 1459 Ξ
870 1424 917 1471 iiij
937 1425 961 1460 d
988 1438 999 1459 s
1028 1426 1120 1459 Item
1152 1425 1252 1459 solut’
1282 1426 1318 1459 in
1346 1439 1436 1473 pane
1467 1428 1595 1472 equino

173 1501 194 1548 ij
215 1502 313 1547 equis
332 1500 478 1547 Dominj
502 1501 610 1547 Regis
627 1514 691 1548 per
709 1502 843 1536 ditftum
863 1507 1000 1550 tempus
1018 1505 1051 1550 xj
1071 1508 1086 1538 ἔ
1104 1504 1150 1551 iiij
1170 1504 1195 1538 d
1222 1518 1233 1538 s
1261 1505 1355 1538 Item
1383 1518 1447 1551 pro
1464 1505 1594 1551 pabulo

173 1580 208 1613 xl
228 1592 398 1626 equorum
418 1579 596 1626 Domicilij
619 1579 764 1627 Dominj
787 1581 896 1627 Regis
914 1594 977 1628 per
1003 1582 1096 1616 idem
1127 1588 1264 1629 tenipus
1292 1584 1490 1629 predictum
1511 1598 1522 1617 s
1542 1598 1594 1619 ca-

172 1736 272 1770 solnt’
291 1737 327 1770 in
344 1736 453 1783 gagijs
472 1736 623 1771 duorum
641 1736 857 1771 verletorum
877 1739 1139 1773 remanencium
1168 1752 1230 1785 per
1258 1753 1304 1774 xv
1334 1740 1406 1774 dies
1428 1754 1438 1774 s
1459 1742 1595 1788 capien-

172 1815 264 1848 cium
284 1828 353 1849 xxv
372 1820 397 1850 ἔ.

578 1893 720 1927 Summa
738 1894 886 1940 pecunie
906 1894 940 1941 lij
960 1894 984 1929 ii
1003 1907 1023 1929 v
1042 1899 1057 1928 Ξ
1075 1895 1132 1941 viij
1153 1896 1187 1930 d.

223 2049 380 2083 DEcmio
402 2059 552 2083 OCTAUO
570 2048 766 2084 JANUARH.
820 2049 920 2095 Rege
939 2054 1143 2083 remanente
1161 2050 1198 2083 in
1217 2049 1425 2098 Edinburgh
1442 2066 1453 2086 t
1469 2056 1593 2100 expen’
1608 2065 1757 2093 Edinburgh.

171 2128 272 2174 super
292 2129 350 2174 xxj
372 2127 468 2174 equjs
486 2126 638 2162 eiusdem
658 2133 692 2162 et
707 2126 887 2174 Domicilij
904 2127 1165 2162 remanentibus
1179 2129 1215 2162 in
1232 2128 1439 2177 Edinburgh
1458 2145 1478 2166 a
1495 2134 1594 2180 xviij⁰

169 2205 328 2252 Januarij
350 2204 514 2241 inclufiue
533 2205 637 2252 vsque
656 2218 791 2240 nonum
810 2206 989 2253 Februarij
1012 2205 1184 2241 exclufiue
1205 2220 1216 2241 l
1236 2208 1293 2255 quj
1309 2207 1389 2243 sunt
1403 2210 1474 2257 xxij
1491 2211 1562 2246 dies
1578 2226 1590 2245 l

171 2284 424 2330 [capientibus]
440 2285 635 2319 mensuram
648 2284 821 2332 duplicem
835 2297 845 2319 s
859 2284 1075 2332 capientibus
1090 2285 1111 2332 ij
1126 2285 1236 2321 bollas
1249 2287 1270 2333 ij
1285 2287 1419 2322 firlotas
1434 2288 1455 2335 ij
1469 2302 1589 2336 peccas
