1861 2703
270 580 454 611 AUERIA
478 580 652 610 DOMINI
680 579 850 610 NOSTRI
877 579 1016 608 REGIS
1051 579 1111 608 DE
1148 579 1269 609 ANNO
1303 579 1477 609 DOMINI
1513 581 1561 609 &a

270 662 384 692 XXV⁰
398 671 408 692 l
422 661 701 692 INCHOANDO
718 661 800 691 DIE
824 661 1110 691 SUBSCRIPTO
1129 672 1140 692 Ι
1157 661 1337 693 JACOBO
1356 661 1562 691 COLUILE

270 745 332 774 DE
371 743 613 774 VCHILTRE
655 743 983 773 MINISTRANTE
1021 743 1070 772 IN
1104 742 1292 772 OFFICIO
1329 742 1563 772 COMPOTO-

274 827 377 857 RUM
403 824 748 856 ROTULATORIS.

145 1031 335 1064 VICESIMO
363 1040 482 1063 PRIMO
510 1029 685 1063 AUGUSTI
714 1042 725 1062 l
755 1028 855 1074 Rege
883 1034 1087 1063 remanente
1115 1031 1150 1063 in
1179 1029 1386 1076 Edinburgh
1409 1045 1419 1064 s
1440 1033 1726 1078 expen'fflmimmh-

147 1109 246 1155 super
264 1108 417 1154 quinque
444 1107 540 1153 equis
568 1105 721 1141 eiusdem
740 1107 1002 1141 remanentibus
1021 1107 1057 1140 in
1084 1107 1295 1154 Edinburgh
1316 1123 1326 1142 s
1347 1123 1365 1142 a
1397 1110 1491 1143 ‹fich›
1512 1111 1566 1144 die

145 1185 304 1220 vicefimo
316 1185 430 1232 primo
440 1184 587 1231 Augustj
602 1183 768 1219 inclufiue
781 1183 929 1231 [Vsque]
943 1183 1141 1219 vicefimum
1155 1187 1316 1232 quintum
1331 1188 1480 1222 eiusdem
1491 1190 1565 1235 squj

145 1266 161 1299 s
163 1271 226 1299 unt
237 1269 389 1310 quatuor
401 1263 474 1298 dies
486 1279 496 1296 ι
506 1263 721 1310 capientibus
733 1263 770 1297 in
782 1263 837 1298 die
852 1264 888 1297 in
903 1264 1131 1299 auenissfeno
1140 1278 1151 1298 l
1161 1271 1195 1299 et
1212 1278 1302 1312 pane
1313 1266 1440 1311 equino
1450 1280 1460 1299 s
1469 1267 1571 1301 dieti<

146 1343 242 1388 equis
254 1342 298 1388 vij
307 1347 322 1377 ἔ
332 1341 390 1388 viij
403 1341 590 1376 dssumma
601 1353 672 1374 xxx
683 1345 699 1376 ἕ
712 1340 798 1387 viijd
811 1354 822 1375 Ι
839 1340 930 1375 Item
950 1343 1074 1389 expen’
1088 1343 1188 1389 super
1203 1343 1277 1389 iiij⁰r
1286 1345 1421 1389 [equis]
1445 1343 1574 1391 Magis-

147 1422 190 1466 trj
208 1420 340 1466 Stabulj
359 1433 370 1454 l
384 1419 521 1454 duobus
533 1420 629 1466 equis
645 1419 802 1466 Magistrj
819 1421 951 1455 Auerie
968 1421 1032 1455 viz.
1050 1420 1175 1468 Patricj
1191 1421 1424 1456 Donaldsoun
1438 1436 1448 1456 s
1465 1424 1575 1458 tribus

149 1500 244 1545 equis
258 1498 384 1545 Clericj
399 1497 659 1545 Compotorum
673 1511 684 1532 s
698 1498 834 1532 duobus
850 1498 1034 1545 Senescallj
1047 1498 1193 1546 Dominj
1210 1499 1317 1546 Regis
1324 1500 1571 1547 vinVillielmj

151 1577 343 1623 Striueling
360 1589 455 1611 nunc
474 1575 698 1610 ministrantis
711 1576 748 1610 in
763 1576 859 1611 dieto
875 1575 989 1610 officio
1003 1589 1066 1624 per
1080 1577 1218 1611 literam
1230 1577 1451 1625 subscriptam
1467 1580 1574 1613 mani-

153 1656 216 1690 bus
235 1655 382 1702 Dominj
405 1655 514 1702 Regis
531 1654 696 1689 ostensam
716 1653 818 1701 super
838 1661 1041 1702 compotum
1062 1668 1073 1689 ι
1092 1655 1114 1702 ij
1135 1656 1232 1701 equis
1251 1655 1436 1703 Senescallj
1451 1657 1574 1691 Domi-

152 1733 220 1779 cilij
243 1747 254 1767 Ι
273 1733 295 1779 ij
318 1733 465 1780 Robertj
486 1732 559 1768 Gib
577 1733 732 1768 vacantis
752 1733 853 1780 super
879 1733 1025 1780 strepam
1058 1733 1205 1780 Dominj
1240 1733 1349 1781 Regis
1382 1748 1392 1768 s
1421 1736 1573 1780 quinque

153 1812 248 1857 equis
268 1811 488 1846 Seruitorum
509 1811 641 1858 Stabulj
671 1812 736 1846 viz.
758 1811 905 1858 Robertj
928 1811 1072 1846 Purwes
1106 1826 1117 1845 l
1151 1812 1298 1846 Andree
1329 1812 1547 1847 Michaelson
1564 1828 1574 1847 l

153 1890 325 1925 Johannis
341 1889 485 1924 Purwes
502 1902 512 1923 s
527 1889 699 1924 Johannis
715 1888 813 1935 Boge
827 1902 837 1923 t
854 1895 888 1923 et
897 1888 1286 1936 Willielijallbraith
1303 1908 1312 1923 ι
1329 1903 1467 1926 necnon
1480 1893 1575 1937 equi<

155 1967 424 2002 Abbreuiatoris
443 1967 702 2014 Compotorum
722 1980 733 2000 t
754 1966 855 2014 Fabrj
879 1984 888 2000 ι
909 1973 944 2001 et
963 1980 1035 2001 uno
1051 1980 1141 2014 equo
1161 1968 1334 2004 Johannis
1350 1968 1446 2004 Bane
1465 1970 1576 2016 sump-

156 2053 292 2081 terman
320 2059 331 2080 l
359 2047 416 2092 quj
447 2045 524 2080 sunt
556 2046 590 2079 in
622 2058 770 2079 numero
798 2045 920 2091 vigintj
941 2051 975 2080 et
993 2058 1085 2080 unus
1104 2047 1181 2093 equj
1213 2060 1223 2080 Ι
1251 2048 1512 2083 remanentibus
1539 2050 1575 2082 in

159 2123 367 2170 Edinburgh
381 2136 443 2170 per
458 2123 591 2158 difflmm
606 2129 744 2170 tempus
771 2137 782 2157 s
806 2136 870 2170 pro
890 2125 1010 2158 auenis
1029 2130 1063 2159 et
1081 2125 1162 2160 feno
1182 2127 1401 2174 capientibus
1416 2128 1452 2162 in
1466 2128 1572 2162 no&e

159 2207 209 2237 x&
227 2202 258 2249 vj
275 2202 300 2237 d
319 2215 327 2237 l
347 2214 482 2236 summa
499 2201 559 2249 xlij
578 2205 604 2236 ἓ.

549 2280 692 2315 Summa
714 2281 862 2328 pecunie
886 2281 920 2327 iij
939 2281 964 2316 fi
982 2281 1028 2328 xij
1048 2286 1063 2317 ’ἑ
1081 2282 1137 2327 viij
1157 2284 1191 2318 d.
