1861 2703
136 654 153 676 C
157 653 251 677 rainald.

153 1979 239 2001 Ptblis.

265 234 333 269 156
721 231 879 266 LIBER
906 231 1184 267 DOMICILII
1577 236 1681 271 1529.

310 337 392 366 DIE
417 334 597 365 MARTIS
616 328 812 375 penultimo
830 328 940 364 Junii.
993 333 1249 364 PANETRIA.
1288 327 1345 362 De
1373 327 1575 375 preintratis
1596 341 1607 362 l
1627 341 1684 363 ex-

265 409 343 455 pen’
361 408 397 454 ijc
414 408 523 453 xxxvj
542 418 648 452 panes
680 419 691 440 l
723 412 757 441 et
781 405 825 440 fic
843 406 970 440 restant
989 406 1057 440 ixffl
1075 412 1108 440 vc
1126 405 1198 453 xliij
1218 419 1336 453 panes.
1399 413 1680 443 BUTELARIA.

267 486 403 532 Expen'
422 490 456 519 et
475 482 568 518 miffe
595 484 639 518 ad
657 484 861 518 venationes
882 483 1018 530 lxxxiiij
1047 483 1163 530 lagine
1194 484 1227 530 iij
1261 489 1384 530 quarte
1403 484 1544 519 ceruiiie
1565 498 1576 518 l
1593 490 1627 519 et
1645 483 1686 518 fic

269 576 356 609 eque
385 576 394 597 t
425 562 515 596 Item
535 563 639 609 empt'
666 562 811 609 lxxxviij
844 562 960 608 lagine
990 560 1130 596 ceruifie
1160 575 1171 595 s
1201 562 1350 608 pricium
1368 575 1515 597 vnacum
1537 563 1688 609 cariagio

268 720 382 765 lagine
397 717 537 753 ceruifie
551 731 562 752 l
579 723 613 752 et
626 716 667 752 fic
683 717 810 752 restant
822 717 954 765 lxxxiiij
971 717 1087 764 lagine
1102 716 1254 751 ceruifie.
1309 724 1544 759 COQUINA.
1574 717 1691 765 Empt'

270 797 315 844 iiij
337 802 448 831 merte
467 796 500 843 iij
521 801 642 842 quarte
662 801 772 830 merte
791 795 939 830 herbulis
958 795 992 829 ix
1009 795 1034 830 ii
1052 809 1097 830 xv
1116 801 1131 830 ἔ
1163 809 1174 829 s
1204 808 1275 830 xxx
1304 801 1455 830 mutoun
1473 795 1598 830 boukis
1615 795 1648 842 xj
1668 796 1693 829 li

269 876 326 922 viij
346 881 361 910 ἔ
379 875 425 921 iiij
445 875 469 909 d
489 888 500 908 s
521 875 563 908 de
582 873 706 920 quibus
724 875 849 921 expen'
866 874 948 921 xviij
969 879 1132 908 mutones
1144 874 1181 920 j}
1196 880 1320 920 quarta
1337 886 1344 909 s
1362 873 1382 920 ij
1400 873 1556 920 mertej}
1571 879 1694 919 quarta

269 959 380 988 inerte
400 967 410 987 s
431 959 465 987 et
483 952 525 987 fic
540 952 667 987 restant
685 952 743 999 xxj
762 952 969 999 mutonesjss
984 958 1109 998 quarta.
1123 953 1277 986 mutonis
1301 965 1311 986 s
1331 953 1378 999 iiij
1394 958 1505 986 merte
1517 952 1555 999 j}
1570 958 1693 998 quarta

269 1038 379 1066 inerte
400 1045 410 1065 Ι
432 1031 522 1066 Item
543 1032 648 1078 empt’
666 1044 688 1065 v
706 1031 785 1078 agnj
805 1030 874 1078 xvij
895 1035 910 1065 Ξ
927 1025 959 1077 vj
975 1031 1000 1065 d
1018 1043 1030 1064 s
1048 1030 1071 1077 ij
1088 1030 1207 1076 lingue
1221 1043 1232 1064 l
1249 1030 1268 1076 ij
1284 1030 1371 1064 libre
1387 1032 1461 1077 cepj
1482 1044 1492 1064 s
1508 1030 1530 1076 ij
1544 1035 1559 1065 ἔ
1577 1030 1623 1076 iiij
1643 1030 1665 1064 d
1682 1043 1693 1063 s

271 1110 360 1143 Item
380 1121 444 1156 pro
463 1109 616 1154 caringio
635 1114 821 1142 mutonum
842 1114 876 1142 et
895 1114 1086 1142 mertarum
1107 1108 1149 1142 de
1170 1107 1285 1142 Peblis
1304 1108 1363 1154 xvj
1385 1113 1399 1143 ἕ
1427 1121 1437 1141 s
1467 1107 1560 1142 Item
1587 1109 1694 1154 empt’

269 1200 339 1221 xxv
357 1186 657 1233 pulligallinarum
679 1199 690 1220 l
710 1186 756 1232 iiij
777 1186 893 1232 pultre
928 1199 938 1219 s
970 1186 1003 1232 xj
1038 1198 1187 1233 capones
1220 1199 1230 1219 s
1265 1185 1312 1232 iiij
1333 1197 1483 1232 capones
1500 1184 1581 1232 pastj
1604 1198 1614 1218 l
1635 1186 1692 1231 viij

271 1265 420 1312 cuniculj
443 1279 453 1299 s
472 1265 506 1311 iij
527 1264 612 1312 pullj
641 1263 886 1298 cuniculorum
916 1277 927 1297 1
958 1264 994 1298 xl
1019 1276 1101 1298 aues
1120 1264 1269 1298 morales
1301 1276 1312 1297 s
1341 1263 1461 1310 xxxiiij
1490 1263 1606 1310 poutis
1627 1276 1638 1297 l
1659 1264 1692 1309 iij

270 1344 374 1391 snipis
393 1357 404 1377 s
423 1344 460 1377 in
478 1343 544 1377 sale
561 1357 571 1377 Ι
588 1343 696 1377 ordeo
710 1356 721 1377 s
735 1348 769 1377 et
784 1343 934 1388 cariagio
951 1355 961 1376 t
978 1342 1062 1389 varij
1078 1342 1184 1389 precij
1207 1355 1217 1376 J
1238 1342 1382 1376 Summa
1396 1344 1428 1389 vj
1441 1342 1466 1376 ii
1481 1342 1564 1388 xviij
1580 1347 1595 1376 ἔ
1608 1340 1691 1387 vjds

271 1501 292 1547 ij
313 1501 398 1534 libre
417 1500 534 1546 butirj.

692 1577 834 1611 Summa
852 1577 981 1623 xxxviij
1001 1577 1025 1612 fi
1044 1577 1114 1624 xiiij
1135 1583 1149 1612 ἔ
1167 1577 1213 1624 iiij
1234 1578 1267 1612 d.

319 1740 401 1769 DIE
427 1739 559 1769 JOUIS
578 1734 691 1780 primo
722 1733 820 1768 Julii.
872 1740 1124 1769 PANETRIA.
1164 1732 1222 1767 De
1254 1732 1454 1779 preintratis
1484 1745 1495 1765 s
1527 1733 1650 1778 expen’
1663 1731 1691 1777 jc

273 1812 407 1859 lxxxx‘Ij
427 1824 533 1858 panes
554 1825 564 1845 s
585 1817 619 1846 et
636 1811 679 1846 fic
697 1811 824 1846 restant
854 1812 923 1845 ix‘D
941 1817 992 1846 vxx
1011 1812 1042 1859 vj
1067 1824 1173 1859 panes
1203 1812 1239 1845 in
1258 1811 1433 1845 dominico
1464 1816 1499 1844 et
1527 1810 1690 1844 seeundo.

274 1896 564 1926 BUTELARIA.
606 1889 663 1924 De
695 1888 836 1924 ceruifia
868 1891 1060 1937 preintrata
1090 1890 1214 1936 expen’
1243 1902 1313 1924 xxv
1331 1889 1447 1935 lagine
1466 1887 1606 1923 ceruifie
1627 1901 1637 1921 s
1657 1892 1691 1921 et

275 1966 316 2002 lie
335 1968 461 2002 restant
479 1968 571 2015 apud
591 1967 705 2002 Peblis
723 1968 766 2002 de
793 1968 886 2002 claro
913 1968 985 2002 xlix
1011 1969 1127 2015 lagine
1155 1967 1295 2003 ceruifie
1323 1981 1334 2001 s
1364 1967 1454 2002 Item
1486 1967 1528 2001 de
1550 1966 1601 2013 j‘U
1618 1967 1688 2012 xxij

274 2047 387 2092 lagine
407 2045 546 2080 ceruilie
565 2051 600 2080 et
617 2046 698 2092 birrj
718 2046 897 2081 intrantur
923 2052 958 2081 et
989 2047 1114 2093 expen'
1144 2045 1204 2080 isto
1232 2046 1287 2080 die
1315 2046 1351 2079 in
1382 2057 1467 2079 cena.
1494 2057 1542 2079 xx
1573 2044 1687 2090 lagine

274 2121 412 2157 ceruilie
434 2136 443 2155 s
465 2123 511 2157 Et
529 2124 634 2169 empt'
653 2125 711 2170 xvj
727 2123 842 2170 lagine
862 2122 1001 2158 ceruifie
1018 2137 1029 2158 l
1045 2124 1191 2171 pricium
1210 2123 1304 2169 xxxij
1325 2128 1340 2158 Ξ
1358 2135 1369 2156 l
1389 2127 1424 2156 et
1441 2120 1483 2156 fic
1500 2121 1626 2156 restant
1638 2120 1687 2167 jn)

277 2201 356 2248 xviij
370 2200 484 2247 lagine
500 2199 639 2235 ceruifie
654 2206 688 2235 et
700 2201 795 2248 birrj.
841 2207 1054 2244 COQUINA.
1084 2201 1141 2236 De
1158 2201 1358 2249 preintratis
1374 2213 1385 2234 l
1401 2201 1525 2247 expen'
1540 2199 1560 2246 ij
1577 2204 1686 2233 merte

278 2282 319 2327 ij}
339 2286 460 2326 quarte
482 2293 492 2314 l
512 2285 546 2314 et
563 2278 606 2314 fic
624 2278 776 2325 reflantj
798 2284 909 2314 merta
926 2279 959 2326 iij
980 2286 1101 2326 quarte
1129 2294 1140 2315 s
1170 2280 1260 2315 Item
1280 2280 1384 2326 empt'
1403 2278 1424 2325 ij
1438 2283 1559 2324 quarte
1578 2282 1686 2311 merte
