1861 2703
186 223 290 257 15228.
684 220 840 256 REGIS
865 220 1055 257 JACOBI
1082 221 1128 255 V.
1540 224 1607 255 141

650 317 693 324 ...-

896 396 957 412 .....

186 480 220 508 et
239 473 281 507 fic
299 473 427 508 restant
444 473 529 520 iiijffl
550 475 577 520 j‘
604 473 712 520 lxxvij
732 486 850 521 panes.
903 480 1183 511 BUTELARIA.
1224 474 1281 509 De
1311 481 1345 510 vt
1368 475 1463 522 lxxxj
1484 475 1607 521 laginis

185 551 218 597 iij
239 552 369 597 quartis
387 552 512 599 expen'
531 551 639 585 xxxix
657 551 772 598 lagine
786 554 800 599 j
820 558 944 598 quarta
962 551 1104 587 ceruisie
1135 566 1145 586 s
1171 558 1205 587 et
1224 551 1266 587 fic
1285 552 1412 587 restant
1431 559 1463 587 vc
1483 553 1540 600 xlij
1562 553 1607 587 la-

187 630 267 675 gine
286 630 307 676 ij
328 635 450 676 quarte
470 629 611 664 ceruilie
640 643 651 663 s
682 629 772 664 Item
793 632 918 677 expen’
943 631 971 677 jc
999 630 1070 677 lxxj
1104 630 1219 677 lagine
1251 631 1284 678 iij
1317 637 1438 677 quarte
1467 630 1607 665 ceruifie

186 706 441 755 supraexpofite
459 708 551 755 apud
571 707 766 754 Striueling
784 708 882 755 xviij⁰
909 708 1090 756 Februarij
1111 722 1123 743 l
1143 707 1301 743 vicesimo
1320 710 1433 756 primo
1450 723 1460 743 s
1476 710 1581 757 xxijdo
1597 723 1607 743 s

188 793 223 820 et
240 786 342 832 xxiij⁰
362 786 514 833 ejusdem
536 800 546 820 s
567 792 601 820 et
619 785 662 820 fic
681 786 808 821 restant
827 787 870 821 de
889 786 984 820 claro
1004 791 1038 820 et
1051 785 1144 833 justo
1159 786 1294 820 calculo
1309 787 1357 833 iij‘
1371 787 1479 821 lxxxx
1494 787 1609 834 lagine

189 866 222 911 iij
243 870 365 911 quarte
384 864 536 899 ceruifie.
590 870 810 907 COQUINA.
851 864 969 911 Empt’
988 864 1036 910 iijc
1053 864 1163 898 alleca
1190 878 1201 898 s
1229 864 1309 911 xviij
1331 865 1491 899 mulones
1510 865 1608 900 corf)

182 944 196 989 j
218 942 313 977 mulo
332 942 449 977 aridus
470 942 510 989 sj
531 948 654 988 quarta
672 941 762 976 selch
782 954 793 975 s
813 941 859 988 iiij
880 941 960 989 lucij
992 955 1003 975 l
1036 941 1070 988 ijc
1100 941 1202 975 ostria
1221 944 1260 989 sj
1279 942 1386 976 salmo
1404 955 1525 977 recens
1546 955 1556 976 l
1576 943 1611 976 in

188 1020 349 1055 musculis
369 1033 380 1054 Ι
398 1019 596 1067 Ρθᾶὶίηἰὺυς
616 1033 627 1053 s
646 1019 827 1067 sperlingis
858 1033 869 1053 l
898 1019 945 1054 Et
963 1032 1027 1067 pro
1049 1018 1204 1067 expensis
1223 1019 1369 1067 Dominj
1392 1020 1500 1067 Regis
1518 1021 1612 1067 equi-

188 1098 294 1132 tantis
313 1098 406 1132 inter
436 1097 630 1144 Striueling
648 1102 682 1132 et
702 1097 912 1144 Edinburgh
944 1111 954 1131 s
986 1099 1071 1145 varij
1090 1098 1195 1145 precij
1225 1112 1236 1132 s
1265 1099 1408 1133 Summa
1427 1112 1446 1133 v
1465 1099 1488 1134 fi
1507 1099 1576 1146 xvij
1597 1104 1611 1134 ἔ

191 1176 212 1222 ij
231 1176 255 1210 d
275 1189 285 1209 s
306 1181 340 1210 et
359 1177 483 1223 expen'
504 1189 515 1210 s
537 1175 629 1210 Item
648 1176 691 1210 de
709 1176 791 1223 xviij
812 1177 919 1224 petris
937 1176 969 1223 vj
986 1176 1082 1210 libris
1100 1176 1204 1224 butirj
1228 1176 1433 1212 restantibus
1451 1177 1502 1224 iij0
1522 1177 1610 1212 Feb-

191 1254 296 1300 ruarij
317 1254 469 1301 expen’j
491 1260 590 1301 petra
617 1254 723 1301 butirj
753 1267 764 1287 l
797 1260 831 1288 et
861 1253 903 1288 fic
931 1253 1059 1288 restant
1077 1254 1146 1302 xvij
1178 1260 1276 1302 petre
1305 1255 1337 1302 vj
1370 1255 1457 1290 libre
1475 1255 1579 1303 butirj
1598 1269 1608 1289 l

195 1331 285 1365 Item
305 1332 347 1366 de
366 1333 568 1379 preintratis
587 1333 710 1380 expen’
729 1332 811 1379 xviij
831 1332 992 1367 mulones
1010 1333 1095 1380 aridj
1118 1346 1129 1367 s
1148 1338 1182 1368 et
1201 1331 1242 1368 fic
1260 1333 1397 1368 restant.

682 1410 824 1446 Summa
842 1423 863 1446 v
881 1411 906 1445 ii
923 1410 993 1458 xvij
1013 1415 1028 1446 ἔ
1045 1410 1066 1458 ij
1086 1410 1120 1446 d.
