1861 2703
155 231 259 263 1528.
653 225 811 261 REGIS
836 226 1027 264 JACOBI
1055 228 1101 263 V.
1508 236 1576 266 185

154 332 204 360 vxx
223 325 280 372 viij
301 336 407 372 panes
425 323 518 372 apud
537 322 731 370 Striueling
761 336 774 358 t
803 328 839 358 et
869 322 913 358 fic
944 324 1072 359 restant
1099 324 1228 359 ibidem
1260 332 1311 361 vxx
1343 329 1411 376 xvij
1443 340 1549 375 panes
1567 343 1576 361 s

157 404 247 438 Item
266 402 371 449 empt'
388 401 481 449 apud
496 401 731 448 Linlithqwj0
746 401 830 435 lxxx
848 415 955 449 panes
972 416 982 437 s
1003 403 1151 450 pricium
1173 404 1281 451 xxxiij
1298 410 1313 440 Ξ
1332 406 1378 453 iiij
1392 407 1416 441 d
1436 420 1447 440 l
1467 412 1501 441 et
1520 419 1576 441 ex·
1588 415 1721 444 Linlitluw-

155 481 234 527 pen’
251 479 310 514 ista
326 480 434 514 nofi'ce
452 486 487 514 et
505 479 560 514 die
578 479 742 526 {equente
760 480 797 514 in
815 480 962 527 prandio
984 494 995 514 l
1016 486 1049 515 et
1068 479 1111 515 fic
1140 494 1228 527 oque
1260 483 1352 529 apud
1373 483 1576 530 Linlithqw.

156 563 435 595 BUTELARIA.
482 558 618 606 Expeu’
636 558 755 605 xxxiiij
775 558 891 605 lagine
922 558 1062 594 ceruifie
1092 560 1185 606 apud
1217 560 1410 608 Striueling
1440 575 1450 595 Ι
1483 568 1517 597 ot
1534 562 1577 596 fic

156 636 283 671 restant
300 636 427 671 ibidem
446 636 530 684 lxiiiJ'
550 635 665 682 lagine
684 636 716 683 iij
737 640 860 682 quarte
879 636 1020 672 ceruifie
1049 651 1060 671 s
1089 637 1178 672 Item
1199 640 1305 686 empt'
1337 640 1379 674 de
1411 640 1522 686 burgo
1542 642 1576 674 in

158 715 352 761 Linlithqw
381 715 466 762 xlvij
498 715 613 761 lagine
636 713 776 749 ceruifie
809 731 819 748 ι
848 715 996 762 pricium
1016 715 1050 762 iij
1069 715 1092 750 ii
1113 716 1133 762 ij
1155 721 1170 750 ἔ
1199 716 1257 763 viij
1278 717 1301 751 d
1331 733 1341 750 ι’
1375 724 1409 751 et
1441 720 1576 765 expen’.

158 800 378 836 COQUINA.
417 793 562 840 Empt’j
582 798 693 826 merta
710 793 744 839 iij
774 798 896 838 quarte
918 806 925 827 ι
946 793 1095 840 pricium
1114 793 1147 840 iij
1167 794 1191 827 fi
1212 806 1223 827 s
1243 799 1278 827 et
1294 797 1418 841 expen'
1448 809 1455 830 l
1487 796 1577 831 Item

159 873 201 906 de
220 871 420 919 preintratis
436 884 447 904 s
461 871 586 917 expen’
594 870 608 916 j
623 875 735 904 merta
747 871 841 917 apud
857 871 1052 917 Striueling·
1071 884 1081 905 t
1102 877 1136 905 et
1149 870 1191 905 fic
1206 872 1332 906 restant
1346 873 1417 906 lxix
1431 881 1540 909 merte
1555 877 1575 921 ij

158 955 280 996 quarte
299 954 409 983 merte
437 962 448 982 l
480 948 570 982 Item
589 948 632 982 de
650 948 852 994 preintratis
871 961 882 981 s
902 949 1027 995 expen'
1046 948 1067 995 ij
1088 954 1251 984 mutones
1269 950 1289 997 ij
1312 956 1435 996 quarte
1455 965 1466 985 s
1487 952 1578 987 Item

158 1027 264 1074 empt’
281 1039 327 1061 xv
340 1031 504 1061 mutones
523 1038 534 1059 t
553 1025 688 1073 pricum
704 1025 751 1073 iiij
766 1025 791 1060 fi
809 1026 856 1073 xij
873 1029 887 1060 ἓ
907 1039 918 1060 s
938 1031 973 1060 et
991 1027 1116 1073 expen'
1136 1039 1147 1060 s
1169 1026 1261 1061 Item
1276 1029 1382 1075 empt’
1402 1029 1434 1075 iij
1459 1037 1580 1075 qum-te

158 1105 258 1140 vituli
278 1104 323 1152 xij
344 1109 359 1140 ἔ
378 1118 389 1138 s
408 1104 430 1151 ij
451 1103 569 1150 lingue
588 1103 717 1138 bouine
736 1103 781 1150 xiJ'
802 1103 827 1139 d
853 1117 865 1138 l
895 1104 987 1138 Item
1006 1105 1113 1151 empt'
1130 1117 1202 1138 xxx
1221 1118 1371 1152 capones
1398 1120 1409 1140 s
1437 1120 1458 1141 v
1480 1120 1580 1154 capo-

159 1196 220 1217 nes
234 1182 314 1230 pastj
333 1184 389 1230 fvj
408 1182 525 1230 pultre
545 1196 556 1216 s
578 1183 598 1230 ij
619 1194 704 1217 auce
719 1182 904 1217 domestice
925 1196 936 1217 l
956 1183 978 1230 ij
994 1183 1294 1230 pulligallinarum
1316 1197 1327 1218 s
1346 1185 1367 1232 ij
1389 1185 1550 1233 plumaxi-ij
1569 1202 1579 1221 s

156 1264 169 1308 j
190 1261 306 1295 firlota
323 1260 399 1295 salis
419 1273 431 1294 l
451 1261 486 1294 in
517 1260 667 1306 cariagio
688 1274 699 1294 Ι
718 1260 836 1294 butiro
865 1274 876 1294 l
905 1260 980 1294 ouis
1013 1274 1024 1295 l
1055 1261 1209 1296 candelis
1240 1275 1250 1295 t
1283 1268 1317 1296 et
1348 1262 1443 1297 caseo
1465 1278 1475 1297 s
1496 1266 1578 1310 ναι-ᾗ

499 1338 543 1346 ...-

609 1416 753 1451 Summa
770 1416 840 1464 xvij
859 1416 885 1451 fi
902 1416 984 1463 xviij
1005 1422 1020 1452 ἔ
1038 1416 1071 1463 iij
1091 1417 1125 1451 d.

209 1579 292 1609 DIE
317 1578 495 1608 MARTIS
523 1572 583 1606 xix
609 1570 780 1607 Januarii.
833 1579 1081 1609 PANETRIA.
1124 1572 1182 1607 De
1200 1574 1401 1620 preintratis
1428 1590 1437 1609 s
1458 1579 1580 1623 expen’

162 1651 204 1685 de
222 1649 418 1698 prouifione
437 1649 636 1696 Edinburgi
653 1650 759 1685 tertio
777 1650 936 1686 Januarii
956 1652 1080 1698 expen’
1092 1652 1120 1698 jc
1139 1665 1210 1686 xxx
1228 1665 1333 1699 panes
1352 1654 1387 1688 in
1406 1654 1582 1690 dominico
1593 1666 1740 1695 Edinburgh.

163 1735 196 1763 et
215 1727 366 1763 secundo
386 1741 397 1762 s
417 1734 451 1763 et
468 1727 512 1763 fic
541 1727 670 1763 restant
688 1728 769 1775 vij‘s'
781 1728 837 1776 J'cj
856 1742 974 1776 panes.
1028 1736 1308 1767 BUTELARIA.
1354 1732 1412 1767 De
1442 1734 1583 1768 ceruifia

162 1807 354 1854 preintrata
369 1823 379 1840 ι
397 1807 521 1853 expen’
540 1806 671 1853 xxxviij
691 1806 807 1853 lagine
825 1806 966 1841 ceruifie
983 1824 992 1841 t
1013 1813 1048 1842 et
1066 1807 1108 1842 fic
1127 1809 1256 1843 restant
1274 1810 1323 1856 iij⁶
1337 1816 1387 1843 vxx
1406 1811 1451 1857 xij
1469 1811 1582 1857 lagine

163 1885 196 1930 iij
217 1889 339 1929 quarte
358 1883 510 1918 ceruifie.
565 1891 780 1927 COQUINA.
819 1884 876 1919 De
906 1898 1002 1919 xxxv
1029 1887 1149 1920 mertis
1178 1886 1199 1933 J}
1227 1893 1350 1932 quarta
1380 1895 1490 1923 inerte
1517 1891 1583 1923 rel'-

163 1961 317 1996 tantibus
346 1961 439 2008 apud
468 1961 679 2008 Edinburgh
708 1963 815 1996 tertio
844 1962 1003 2010 Januarij
1038 1965 1163 2011 expen’
1192 1964 1212 2011 ij
1244 1971 1354 2000 inerte
1382 1966 1431 2013 if}
1461 1975 1582 2013 quarte

165 2116 282 2164 xxxiiij
296 2122 407 2151 merte
422 2116 443 2163 ij
460 2121 582 2162 quarte
597 2122 707 2151 merte
727 2130 738 2151 s
759 2117 816 2152 De
828 2118 1028 2165 preintratis
1042 2133 1053 2153 l
1069 2122 1193 2168 expen'
1206 2122 1229 2168 iJ'
1243 2125 1428 2170 mutonesj
1441 2131 1582 2170 quartas

167 2195 256 2230 Item
272 2195 378 2241 empt’
393 2194 436 2242 vij
454 2200 616 2230 mutones
631 2208 643 2230 s
655 2196 803 2243 pricium
821 2196 894 2230 xlix
905 2202 920 2232 ἔ
933 2210 943 2231 s
960 2203 994 2232 et
1012 2197 1054 2233 fic
1069 2198 1196 2233 restant
1211 2202 1267 2247 xvj
1282 2206 1444 2236 mutones
1453 2203 1467 2249 j
1482 2216 1581 2249 quar-

165 2280 199 2308 ta
227 2285 237 2307 t
267 2272 357 2307 Item
377 2273 510 2320 empt’j
530 2273 661 2309 vitulus
679 2287 826 2322 magnus
844 2275 913 2322 xxij
934 2280 949 2311 ἔ
968 2293 977 2309 s
999 2276 1044 2324 iiij
1064 2277 1182 2324 lingue
1201 2278 1329 2314 bonine
1347 2280 1369 2327 ij
1389 2286 1403 2316 Ξ
1422 2294 1432 2314 s
1452 2281 1473 2327 ij
1494 2280 1579 2316 libre
