<?xml version="1.0" encoding="UTF-8"?>
<!DOCTYPE html PUBLIC "-//W3C//DTD XHTML 1.0 Transitional//EN"
    "http://www.w3.org/TR/xhtml1/DTD/xhtml1-transitional.dtd">
<html xmlns="http://www.w3.org/1999/xhtml" xml:lang="en" lang="en">
 <head>
  <title>
</title>
<meta http-equiv="Content-Type" content="text/html;charset=utf-8" />
  <meta name='ocr-system' content='tesseract 3.04.00' />
  <meta name='ocr-capabilities' content='ocr_page ocr_carea ocr_par ocr_line ocrx_word'/>
</head>
<body>
  <div class='ocr_page' id='page_1' title='image "./excerptaelibrisd00bann_0066.png"; bbox 0 0 1861 2703; ppageno 0'>
   <div class='ocr_carea' id='block_1_1' title="bbox 72 934 298 956">
    <p class='ocr_par' dir='ltr' id='par_1_1' title="bbox 72 934 298 956">
     <span class='ocr_line' id='line_1_1' title="bbox 72 934 298 956; baseline -0.009 -3"><span class='ocrx_word' id='word_1_1' title='bbox 72 934 287 956; x_wconf 64' lang='lat' dir='ltr'><strong>QUADRAGESIMA</strong></span> <span class='ocrx_word' id='word_1_2' title='bbox 294 947 298 951; x_wconf 92' lang='lat'>.</span> 
     </span>
    </p>
   </div>
   <div class='ocr_carea' id='block_1_2' title="bbox 328 271 1736 312">
    <p class='ocr_par' dir='ltr' id='par_1_2' title="bbox 328 271 1736 312">
     <span class='ocr_line' id='line_1_2' title="bbox 328 271 1736 312; baseline -0.004 -2"><span class='ocrx_word' id='word_1_3' title='bbox 328 280 372 312; x_wconf 67' lang='lat'>28</span> <span class='ocrx_word' id='word_1_4' title='bbox 800 272 957 308; x_wconf 83' lang='lat' dir='ltr'><strong>LIBER</strong></span> <span class='ocrx_word' id='word_1_5' title='bbox 985 271 1263 308; x_wconf 88' lang='lat' dir='ltr'>DOMICILII</span> <span class='ocrx_word' id='word_1_6' title='bbox 1632 277 1736 309; x_wconf 64' lang='lat'>1525.</span> 
     </span>
    </p>
   </div>
   <div class='ocr_carea' id='block_1_3' title="bbox 329 367 1739 725">
    <p class='ocr_par' dir='ltr' id='par_1_3' title="bbox 329 367 1739 725">
     <span class='ocr_line' id='line_1_3' title="bbox 329 367 1739 418; baseline -0.003 -11"><span class='ocrx_word' id='word_1_7' title='bbox 329 379 364 407; x_wconf 86' lang='lat' dir='ltr'>et</span> <span class='ocrx_word' id='word_1_8' title='bbox 391 372 513 418; x_wconf 87' lang='lat' dir='ltr'>expen&#39;</span> <span class='ocrx_word' id='word_1_9' title='bbox 542 367 722 404; x_wconf 82' lang='lat' dir='ltr'>succeffiue</span> <span class='ocrx_word' id='word_1_10' title='bbox 750 382 762 403; x_wconf 83' lang='lat' dir='ltr'><em>l</em></span> <span class='ocrx_word' id='word_1_11' title='bbox 792 369 883 404; x_wconf 88' lang='lat' dir='ltr'><strong>Item</strong></span> <span class='ocrx_word' id='word_1_12' title='bbox 914 369 1019 416; x_wconf 87' lang='lat' dir='ltr'>empt&#39;</span> <span class='ocrx_word' id='word_1_13' title='bbox 1047 381 1142 403; x_wconf 84' lang='lat' dir='ltr'><strong>xxxv</strong></span> <span class='ocrx_word' id='word_1_14' title='bbox 1167 368 1329 402; x_wconf 87' lang='lat' dir='ltr'>mulones</span> <span class='ocrx_word' id='word_1_15' title='bbox 1356 372 1514 402; x_wconf 83' lang='lat' dir='ltr'>recentes</span> <span class='ocrx_word' id='word_1_16' title='bbox 1541 382 1552 402; x_wconf 86' lang='lat' dir='ltr'>l</span> <span class='ocrx_word' id='word_1_17' title='bbox 1579 375 1612 403; x_wconf 88' lang='lat' dir='ltr'>vc</span> <span class='ocrx_word' id='word_1_18' title='bbox 1630 369 1739 404; x_wconf 86' lang='lat' dir='ltr'>alleca</span> 
     </span>
     <span class='ocr_line' id='line_1_4' title="bbox 330 446 1739 494; baseline -0.002 -11"><span class='ocrx_word' id='word_1_19' title='bbox 330 449 408 483; x_wconf 81' lang='lat' dir='ltr'>salsa</span> <span class='ocrx_word' id='word_1_20' title='bbox 434 462 444 482; x_wconf 76' lang='lat' dir='ltr'><em>s</em></span> <span class='ocrx_word' id='word_1_21' title='bbox 459 451 484 490; x_wconf 80' lang='lat' dir='ltr'>jc</span> <span class='ocrx_word' id='word_1_22' title='bbox 502 447 567 494; x_wconf 85' lang='lat' dir='ltr'>albj</span> <span class='ocrx_word' id='word_1_23' title='bbox 586 447 692 494; x_wconf 83' lang='lat' dir='ltr'>pisces</span> <span class='ocrx_word' id='word_1_24' title='bbox 712 460 723 480; x_wconf 85' lang='lat' dir='ltr'><em>l</em></span> <span class='ocrx_word' id='word_1_25' title='bbox 741 447 836 493; x_wconf 78' lang='lat' dir='ltr'>xxiiij</span> <span class='ocrx_word' id='word_1_26' title='bbox 857 446 1037 493; x_wconf 84' lang='lat' dir='ltr'>merlingis</span> <span class='ocrx_word' id='word_1_27' title='bbox 1056 460 1067 480; x_wconf 85' lang='lat' dir='ltr'><em>l</em></span> <span class='ocrx_word' id='word_1_28' title='bbox 1080 447 1095 493; x_wconf 90' lang='lat' dir='ltr'>j</span> <span class='ocrx_word' id='word_1_29' title='bbox 1115 446 1219 480; x_wconf 90' lang='lat' dir='ltr'>turbo</span> <span class='ocrx_word' id='word_1_30' title='bbox 1239 459 1250 480; x_wconf 78' lang='lat' dir='ltr'><em>s</em></span> <span class='ocrx_word' id='word_1_31' title='bbox 1268 446 1290 493; x_wconf 90' lang='lat' dir='ltr'>ij</span> <span class='ocrx_word' id='word_1_32' title='bbox 1310 446 1480 481; x_wconf 85' lang='lat' dir='ltr'>salmones</span> <span class='ocrx_word' id='word_1_33' title='bbox 1498 452 1655 481; x_wconf 85' lang='lat' dir='ltr'>recentes</span> <span class='ocrx_word' id='word_1_34' title='bbox 1675 460 1685 481; x_wconf 86' lang='lat' dir='ltr'><em>l</em></span> <span class='ocrx_word' id='word_1_35' title='bbox 1704 447 1739 493; x_wconf 82' lang='lat' dir='ltr'>ijc</span> 
     </span>
     <span class='ocr_line' id='line_1_5' title="bbox 331 522 1737 573; baseline -0.002 -12"><span class='ocrx_word' id='word_1_36' title='bbox 331 527 474 573; x_wconf 86' lang='lat' dir='ltr'>perches</span> <span class='ocrx_word' id='word_1_37' title='bbox 495 539 506 559; x_wconf 77' lang='lat' dir='ltr'><em>s</em></span> <span class='ocrx_word' id='word_1_38' title='bbox 525 524 606 571; x_wconf 84' lang='lat' dir='ltr'>xviij</span> <span class='ocrx_word' id='word_1_39' title='bbox 638 529 733 559; x_wconf 88' lang='lat' dir='ltr'>trute</span> <span class='ocrx_word' id='word_1_40' title='bbox 752 537 764 558; x_wconf 83' lang='lat' dir='ltr'>l</span> <span class='ocrx_word' id='word_1_41' title='bbox 782 524 817 571; x_wconf 88' lang='lat' dir='ltr'>iij</span> <span class='ocrx_word' id='word_1_42' title='bbox 837 523 916 570; x_wconf 91' lang='lat' dir='ltr'>lucij</span> <span class='ocrx_word' id='word_1_43' title='bbox 938 536 949 557; x_wconf 78' lang='lat' dir='ltr'><em>t</em></span> <span class='ocrx_word' id='word_1_44' title='bbox 968 524 1005 557; x_wconf 91' lang='lat' dir='ltr'>in</span> <span class='ocrx_word' id='word_1_45' title='bbox 1022 523 1176 558; x_wconf 81' lang='lat' dir='ltr'>fundolis</span> <span class='ocrx_word' id='word_1_46' title='bbox 1194 536 1206 557; x_wconf 87' lang='lat' dir='ltr'><em>l</em></span> <span class='ocrx_word' id='word_1_47' title='bbox 1226 522 1335 570; x_wconf 85' lang='lat' dir='ltr'>ostrijs</span> <span class='ocrx_word' id='word_1_48' title='bbox 1366 536 1377 557; x_wconf 78' lang='lat' dir='ltr'><em>s</em></span> <span class='ocrx_word' id='word_1_49' title='bbox 1407 529 1441 558; x_wconf 86' lang='lat' dir='ltr'>et</span> <span class='ocrx_word' id='word_1_50' title='bbox 1467 524 1604 571; x_wconf 89' lang='lat' dir='ltr'>polupis</span> <span class='ocrx_word' id='word_1_51' title='bbox 1623 537 1634 558; x_wconf 86' lang='lat' dir='ltr'><em>l</em></span> <span class='ocrx_word' id='word_1_52' title='bbox 1652 524 1737 569; x_wconf 87' lang='lat' dir='ltr'>varij</span> 
     </span>
     <span class='ocr_line' id='line_1_6' title="bbox 332 600 1737 651; baseline -0.003 -13"><span class='ocrx_word' id='word_1_53' title='bbox 332 604 435 651; x_wconf 88' lang='lat' dir='ltr'>precij</span> <span class='ocrx_word' id='word_1_54' title='bbox 466 617 476 637; x_wconf 77' lang='lat' dir='ltr'><em>s</em></span> <span class='ocrx_word' id='word_1_55' title='bbox 505 603 648 637; x_wconf 86' lang='lat' dir='ltr'>Summa</span> <span class='ocrx_word' id='word_1_56' title='bbox 664 601 697 648; x_wconf 87' lang='lat' dir='ltr'>vj</span> <span class='ocrx_word' id='word_1_57' title='bbox 717 601 742 636; x_wconf 76' lang='lat' dir='ltr'>ii</span> <span class='ocrx_word' id='word_1_58' title='bbox 759 602 795 635; x_wconf 88' lang='lat' dir='ltr'>ix</span> <span class='ocrx_word' id='word_1_59' title='bbox 813 606 828 636; x_wconf 74' lang='grc' dir='ltr'>ἔ</span> <span class='ocrx_word' id='word_1_60' title='bbox 845 601 877 647; x_wconf 91' lang='lat' dir='ltr'>vj</span> <span class='ocrx_word' id='word_1_61' title='bbox 897 601 921 636; x_wconf 82' lang='lat' dir='ltr'>d</span> <span class='ocrx_word' id='word_1_62' title='bbox 940 614 951 635; x_wconf 82' lang='lat' dir='ltr'>l</span> <span class='ocrx_word' id='word_1_63' title='bbox 971 606 1006 634; x_wconf 87' lang='lat' dir='ltr'>et</span> <span class='ocrx_word' id='word_1_64' title='bbox 1024 601 1148 647; x_wconf 85' lang='lat' dir='ltr'>expen’</span> <span class='ocrx_word' id='word_1_65' title='bbox 1176 614 1187 634; x_wconf 85' lang='lat' dir='ltr'><em>l</em></span> <span class='ocrx_word' id='word_1_66' title='bbox 1215 600 1273 635; x_wconf 94' lang='lat' dir='ltr'>De</span> <span class='ocrx_word' id='word_1_67' title='bbox 1290 601 1492 647; x_wconf 86' lang='lat' dir='ltr'>preintratis</span> <span class='ocrx_word' id='word_1_68' title='bbox 1521 614 1532 635; x_wconf 86' lang='lat' dir='ltr'>l</span> <span class='ocrx_word' id='word_1_69' title='bbox 1562 602 1686 648; x_wconf 86' lang='lat' dir='ltr'>expen&#39;</span> <span class='ocrx_word' id='word_1_70' title='bbox 1703 602 1737 647; x_wconf 91' lang='lat' dir='ltr'>iij</span> 
     </span>
     <span class='ocr_line' id='line_1_7' title="bbox 331 676 1094 725; baseline -0.009 -8"><span class='ocrx_word' id='word_1_71' title='bbox 331 683 496 716; x_wconf 81' lang='lat' dir='ltr'>salmones</span> <span class='ocrx_word' id='word_1_72' title='bbox 513 678 584 715; x_wconf 87' lang='lat' dir='ltr'>salfi</span> <span class='ocrx_word' id='word_1_73' title='bbox 604 693 614 713; x_wconf 77' lang='grc' dir='ltr'><em>Ι</em></span> <span class='ocrx_word' id='word_1_74' title='bbox 633 679 665 725; x_wconf 89' lang='lat' dir='ltr'>vj</span> <span class='ocrx_word' id='word_1_75' title='bbox 686 677 794 725; x_wconf 79' lang='lat' dir='ltr'>girlfis</span> <span class='ocrx_word' id='word_1_76' title='bbox 813 691 824 712; x_wconf 79' lang='grc'><em>1</em></span> <span class='ocrx_word' id='word_1_77' title='bbox 844 683 879 712; x_wconf 82' lang='lat' dir='ltr'>et</span> <span class='ocrx_word' id='word_1_78' title='bbox 895 676 938 712; x_wconf 90' lang='lat' dir='ltr'>fic</span> <span class='ocrx_word' id='word_1_79' title='bbox 956 677 1094 712; x_wconf 88' lang='lat' dir='ltr'>restant.</span> 
     </span>
    </p>
   </div>
   <div class='ocr_carea' id='block_1_4' title="bbox 848 753 1216 800">
    <p class='ocr_par' dir='ltr' id='par_1_4' title="bbox 848 753 1216 800">
     <span class='ocr_line' id='line_1_8' title="bbox 848 753 1216 800; baseline -0.005 -10"><span class='ocrx_word' id='word_1_80' title='bbox 848 755 990 790; x_wconf 86' lang='lat' dir='ltr'>Summa</span> <span class='ocrx_word' id='word_1_81' title='bbox 1007 753 1078 800; x_wconf 83' lang='lat' dir='ltr'>xiiij</span> <span class='ocrx_word' id='word_1_82' title='bbox 1098 754 1123 789; x_wconf 78' lang='lat' dir='ltr'>fi</span> <span class='ocrx_word' id='word_1_83' title='bbox 1141 753 1162 800; x_wconf 84' lang='lat' dir='ltr'>ij</span> <span class='ocrx_word' id='word_1_84' title='bbox 1182 754 1216 789; x_wconf 82' lang='lat' dir='ltr'>d.</span> 
     </span>
    </p>
   </div>
   <div class='ocr_carea' id='block_1_5' title="bbox 329 909 1746 1968">
    <p class='ocr_par' dir='ltr' id='par_1_5' title="bbox 329 909 1746 1968">
     <span class='ocr_line' id='line_1_9' title="bbox 382 909 1742 957; baseline -0.004 -6"><span class='ocrx_word' id='word_1_85' title='bbox 382 922 464 951; x_wconf 89' lang='lat' dir='ltr'>DIE</span> <span class='ocrx_word' id='word_1_86' title='bbox 488 919 722 950; x_wconf 90' lang='lat' dir='ltr'>DOMINICO</span> <span class='ocrx_word' id='word_1_87' title='bbox 748 912 832 946; x_wconf 82' lang='lat' dir='ltr'>xviii</span> <span class='ocrx_word' id='word_1_88' title='bbox 859 910 1051 945; x_wconf 81' lang='lat' dir='ltr'>Februarii.</span> <span class='ocrx_word' id='word_1_89' title='bbox 1120 915 1366 946; x_wconf 88' lang='lat' dir='ltr'><strong>PANETRIA.</strong></span> <span class='ocrx_word' id='word_1_90' title='bbox 1422 909 1478 944; x_wconf 91' lang='lat' dir='ltr'>De</span> <span class='ocrx_word' id='word_1_91' title='bbox 1512 911 1712 957; x_wconf 83' lang='lat' dir='ltr'>preintratis</span> <span class='ocrx_word' id='word_1_92' title='bbox 1732 925 1742 945; x_wconf 86' lang='lat' dir='ltr'><em>l</em></span> 
     </span>
     <span class='ocr_line' id='line_1_10' title="bbox 335 986 1744 1040; baseline -0.003 -13"><span class='ocrx_word' id='word_1_93' title='bbox 335 993 457 1040; x_wconf 87' lang='lat' dir='ltr'>expen’</span> <span class='ocrx_word' id='word_1_94' title='bbox 484 993 521 1025; x_wconf 93' lang='lat' dir='ltr'>in</span> <span class='ocrx_word' id='word_1_95' title='bbox 551 991 726 1025; x_wconf 86' lang='lat' dir='ltr'>dominico</span> <span class='ocrx_word' id='word_1_96' title='bbox 745 989 780 1036; x_wconf 76' lang='lat' dir='ltr'>ijc</span> <span class='ocrx_word' id='word_1_97' title='bbox 798 989 882 1022; x_wconf 85' lang='lat' dir='ltr'>xxix</span> <span class='ocrx_word' id='word_1_98' title='bbox 900 1000 1006 1035; x_wconf 86' lang='lat' dir='ltr'>panes</span> <span class='ocrx_word' id='word_1_99' title='bbox 1033 1000 1044 1021; x_wconf 79' lang='lat' dir='ltr'><em>s</em></span> <span class='ocrx_word' id='word_1_100' title='bbox 1074 987 1166 1021; x_wconf 88' lang='lat' dir='ltr'>Item</span> <span class='ocrx_word' id='word_1_101' title='bbox 1196 988 1320 1034; x_wconf 80' lang='lat' dir='ltr'>expen&#39;</span> <span class='ocrx_word' id='word_1_102' title='bbox 1347 988 1384 1021; x_wconf 92' lang='lat' dir='ltr'>in</span> <span class='ocrx_word' id='word_1_103' title='bbox 1410 986 1550 1034; x_wconf 86' lang='lat' dir='ltr'>pastillis</span> <span class='ocrx_word' id='word_1_104' title='bbox 1580 994 1614 1022; x_wconf 89' lang='lat' dir='ltr'>et</span> <span class='ocrx_word' id='word_1_105' title='bbox 1644 989 1744 1036; x_wconf 86' lang='lat' dir='ltr'>adipe</span> 
     </span>
     <span class='ocr_line' id='line_1_11' title="bbox 334 1064 1746 1117; baseline -0.004 -13"><span class='ocrx_word' id='word_1_106' title='bbox 334 1083 396 1117; x_wconf 87' lang='lat' dir='ltr'>per</span> <span class='ocrx_word' id='word_1_107' title='bbox 428 1070 515 1104; x_wconf 90' lang='lat' dir='ltr'>duos</span> <span class='ocrx_word' id='word_1_108' title='bbox 542 1069 614 1102; x_wconf 87' lang='lat' dir='ltr'>dies</span> <span class='ocrx_word' id='word_1_109' title='bbox 640 1067 710 1113; x_wconf 83' lang='lat' dir='ltr'>xlvj</span> <span class='ocrx_word' id='word_1_110' title='bbox 731 1078 837 1113; x_wconf 86' lang='lat' dir='ltr'>panes</span> <span class='ocrx_word' id='word_1_111' title='bbox 865 1079 875 1100; x_wconf 76' lang='lat' dir='ltr'><strong><em>s</em></strong></span> <span class='ocrx_word' id='word_1_112' title='bbox 904 1065 1047 1100; x_wconf 83' lang='lat' dir='ltr'>Summa</span> <span class='ocrx_word' id='word_1_113' title='bbox 1074 1064 1302 1111; x_wconf 86' lang='lat' dir='ltr'>expensarum</span> <span class='ocrx_word' id='word_1_114' title='bbox 1332 1064 1368 1111; x_wconf 82' lang='lat' dir='ltr'>ijc</span> <span class='ocrx_word' id='word_1_115' title='bbox 1386 1064 1470 1099; x_wconf 80' lang='lat' dir='ltr'>lxxv</span> <span class='ocrx_word' id='word_1_116' title='bbox 1487 1077 1593 1112; x_wconf 81' lang='lat' dir='ltr'>panes</span> <span class='ocrx_word' id='word_1_117' title='bbox 1613 1078 1624 1099; x_wconf 82' lang='lat' dir='ltr'><em>l</em></span> <span class='ocrx_word' id='word_1_118' title='bbox 1644 1070 1678 1100; x_wconf 90' lang='lat' dir='ltr'>et</span> <span class='ocrx_word' id='word_1_119' title='bbox 1703 1065 1746 1099; x_wconf 88' lang='lat' dir='ltr'>fic</span> 
     </span>
     <span class='ocr_line' id='line_1_12' title="bbox 333 1143 1746 1192; baseline -0.002 -10"><span class='ocrx_word' id='word_1_120' title='bbox 333 1148 459 1183; x_wconf 87' lang='lat' dir='ltr'>restant</span> <span class='ocrx_word' id='word_1_121' title='bbox 488 1146 544 1180; x_wconf 64' lang='lat' dir='ltr'>xm</span> <span class='ocrx_word' id='word_1_122' title='bbox 570 1146 605 1180; x_wconf 91' lang='lat' dir='ltr'>lv</span> <span class='ocrx_word' id='word_1_123' title='bbox 630 1157 749 1192; x_wconf 78' lang='lat' dir='ltr'>panes·</span> <span class='ocrx_word' id='word_1_124' title='bbox 802 1150 1119 1180; x_wconf 84' lang='lat' dir='ltr'><strong>BUTELLARIA.</strong></span> <span class='ocrx_word' id='word_1_125' title='bbox 1159 1143 1295 1191; x_wconf 84' lang='lat' dir='ltr'>Expen&#39;</span> <span class='ocrx_word' id='word_1_126' title='bbox 1323 1144 1406 1191; x_wconf 81' lang='lat' dir='ltr'>lxvij</span> <span class='ocrx_word' id='word_1_127' title='bbox 1436 1144 1552 1191; x_wconf 83' lang='lat' dir='ltr'>lagine</span> <span class='ocrx_word' id='word_1_128' title='bbox 1578 1145 1592 1191; x_wconf 90' lang='lat' dir='ltr'>j</span> <span class='ocrx_word' id='word_1_129' title='bbox 1623 1151 1746 1191; x_wconf 83' lang='lat' dir='ltr'>quarta</span> 
     </span>
     <span class='ocr_line' id='line_1_13' title="bbox 333 1220 1743 1268; baseline -0.004 -9"><span class='ocrx_word' id='word_1_130' title='bbox 333 1224 472 1260; x_wconf 84' lang='lat' dir='ltr'>ceruifie</span> <span class='ocrx_word' id='word_1_131' title='bbox 493 1238 503 1257; x_wconf 84' lang='lat' dir='ltr'><em>l</em></span> <span class='ocrx_word' id='word_1_132' title='bbox 523 1229 557 1258; x_wconf 85' lang='lat' dir='ltr'>et</span> <span class='ocrx_word' id='word_1_133' title='bbox 587 1222 630 1257; x_wconf 90' lang='lat' dir='ltr'>fic</span> <span class='ocrx_word' id='word_1_134' title='bbox 647 1222 775 1257; x_wconf 89' lang='lat' dir='ltr'>restant</span> <span class='ocrx_word' id='word_1_135' title='bbox 804 1221 852 1268; x_wconf 80' lang='lat' dir='ltr'>ij</span> <span class='ocrx_word' id='word_1_136' title='bbox 879 1221 962 1268; x_wconf 80' lang='lat' dir='ltr'>lxxij</span> <span class='ocrx_word' id='word_1_137' title='bbox 995 1221 1109 1267; x_wconf 84' lang='lat' dir='ltr'>lagine</span> <span class='ocrx_word' id='word_1_138' title='bbox 1132 1221 1146 1267; x_wconf 91' lang='lat' dir='ltr'>j</span> <span class='ocrx_word' id='word_1_139' title='bbox 1173 1226 1296 1267; x_wconf 85' lang='lat' dir='ltr'>quarta</span> <span class='ocrx_word' id='word_1_140' title='bbox 1314 1220 1464 1256; x_wconf 89' lang='lat' dir='ltr'>ceruifie.</span> <span class='ocrx_word' id='word_1_141' title='bbox 1526 1228 1743 1265; x_wconf 79' lang='lat' dir='ltr'><strong>COQUINA.</strong></span> 
     </span>
     <span class='ocr_line' id='line_1_14' title="bbox 336 1296 1743 1348; baseline -0.002 -11"><span class='ocrx_word' id='word_1_142' title='bbox 336 1303 394 1337; x_wconf 92' lang='lat' dir='ltr'>De</span> <span class='ocrx_word' id='word_1_143' title='bbox 420 1301 621 1348; x_wconf 85' lang='lat' dir='ltr'>preintratis</span> <span class='ocrx_word' id='word_1_144' title='bbox 655 1315 666 1332; x_wconf 77' lang='grc' dir='ltr'><em>ι</em></span> <span class='ocrx_word' id='word_1_145' title='bbox 696 1299 819 1346; x_wconf 85' lang='lat' dir='ltr'>expen&#39;</span> <span class='ocrx_word' id='word_1_146' title='bbox 845 1298 906 1345; x_wconf 81' lang='lat' dir='ltr'>iiijc</span> <span class='ocrx_word' id='word_1_147' title='bbox 936 1298 981 1345; x_wconf 83' lang='lat' dir='ltr'>xij</span> <span class='ocrx_word' id='word_1_148' title='bbox 1011 1298 1120 1332; x_wconf 85' lang='lat' dir='ltr'>alleca</span> <span class='ocrx_word' id='word_1_149' title='bbox 1146 1296 1229 1332; x_wconf 84' lang='lat' dir='ltr'>salsa</span> <span class='ocrx_word' id='word_1_150' title='bbox 1261 1311 1271 1331; x_wconf 87' lang='lat' dir='ltr'>l</span> <span class='ocrx_word' id='word_1_151' title='bbox 1298 1311 1345 1333; x_wconf 81' lang='lat' dir='ltr'>xv</span> <span class='ocrx_word' id='word_1_152' title='bbox 1363 1298 1523 1333; x_wconf 89' lang='lat' dir='ltr'>mulones</span> <span class='ocrx_word' id='word_1_153' title='bbox 1548 1300 1633 1346; x_wconf 89' lang='lat' dir='ltr'>aridj</span> <span class='ocrx_word' id='word_1_154' title='bbox 1656 1314 1666 1334; x_wconf 86' lang='lat' dir='ltr'>l</span> <span class='ocrx_word' id='word_1_155' title='bbox 1686 1301 1743 1347; x_wconf 90' lang='lat' dir='ltr'>viij</span> 
     </span>
     <span class='ocr_line' id='line_1_15' title="bbox 335 1374 1746 1427; baseline -0.003 -12"><span class='ocrx_word' id='word_1_156' title='bbox 335 1380 467 1427; x_wconf 82' lang='lat' dir='ltr'>rigadia</span> <span class='ocrx_word' id='word_1_157' title='bbox 484 1377 580 1412; x_wconf 85' lang='lat' dir='ltr'>arida</span> <span class='ocrx_word' id='word_1_158' title='bbox 599 1390 609 1411; x_wconf 80' lang='lat' dir='ltr'><em>t</em></span> <span class='ocrx_word' id='word_1_159' title='bbox 624 1376 653 1423; x_wconf 79' lang='lat' dir='ltr'>jc</span> <span class='ocrx_word' id='word_1_160' title='bbox 670 1375 705 1410; x_wconf 84' lang='lat' dir='ltr'>lx</span> <span class='ocrx_word' id='word_1_161' title='bbox 723 1375 908 1422; x_wconf 85' lang='lat' dir='ltr'>speldingis</span> <span class='ocrx_word' id='word_1_162' title='bbox 938 1388 949 1408; x_wconf 87' lang='lat' dir='ltr'>l</span> <span class='ocrx_word' id='word_1_163' title='bbox 980 1375 1001 1421; x_wconf 89' lang='lat' dir='ltr'>ij</span> <span class='ocrx_word' id='word_1_164' title='bbox 1021 1380 1119 1422; x_wconf 89' lang='lat' dir='ltr'>petre</span> <span class='ocrx_word' id='word_1_165' title='bbox 1148 1375 1194 1422; x_wconf 89' lang='lat' dir='ltr'>iiij</span> <span class='ocrx_word' id='word_1_166' title='bbox 1215 1374 1302 1409; x_wconf 84' lang='lat' dir='ltr'>libre</span> <span class='ocrx_word' id='word_1_167' title='bbox 1320 1375 1424 1422; x_wconf 83' lang='lat' dir='ltr'>butirj</span> <span class='ocrx_word' id='word_1_168' title='bbox 1458 1389 1470 1409; x_wconf 86' lang='lat' dir='ltr'><em>l</em></span> <span class='ocrx_word' id='word_1_169' title='bbox 1499 1381 1534 1411; x_wconf 84' lang='lat' dir='ltr'>et</span> <span class='ocrx_word' id='word_1_170' title='bbox 1559 1375 1602 1411; x_wconf 90' lang='lat' dir='ltr'>fic</span> <span class='ocrx_word' id='word_1_171' title='bbox 1620 1377 1746 1411; x_wconf 84' lang='lat' dir='ltr'>restant</span> 
     </span>
     <span class='ocr_line' id='line_1_16' title="bbox 334 1452 1744 1505; baseline -0.003 -12"><span class='ocrx_word' id='word_1_172' title='bbox 334 1459 404 1505; x_wconf 78' lang='lat' dir='ltr'>viijc</span> <span class='ocrx_word' id='word_1_173' title='bbox 423 1457 470 1504; x_wconf 88' lang='lat' dir='ltr'>liij</span> <span class='ocrx_word' id='word_1_174' title='bbox 491 1456 651 1490; x_wconf 87' lang='lat' dir='ltr'>mulones</span> <span class='ocrx_word' id='word_1_175' title='bbox 668 1454 754 1500; x_wconf 83' lang='lat' dir='ltr'>aridj</span> <span class='ocrx_word' id='word_1_176' title='bbox 776 1467 787 1487; x_wconf 87' lang='lat' dir='ltr'>l</span> <span class='ocrx_word' id='word_1_177' title='bbox 806 1453 841 1500; x_wconf 81' lang='lat' dir='ltr'>ijc</span> <span class='ocrx_word' id='word_1_178' title='bbox 859 1453 871 1486; x_wconf 95' lang='lat' dir='ltr'>l</span> <span class='ocrx_word' id='word_1_179' title='bbox 890 1453 1022 1499; x_wconf 84' lang='lat' dir='ltr'>rigadia</span> <span class='ocrx_word' id='word_1_180' title='bbox 1052 1466 1063 1487; x_wconf 81' lang='lat' dir='ltr'><em>s</em></span> <span class='ocrx_word' id='word_1_181' title='bbox 1091 1453 1185 1500; x_wconf 67' lang='lat' dir='ltr'>xxj‘o</span> <span class='ocrx_word' id='word_1_182' title='bbox 1201 1453 1237 1499; x_wconf 74' lang='lat' dir='ltr'>ijc</span> <span class='ocrx_word' id='word_1_183' title='bbox 1255 1466 1302 1487; x_wconf 84' lang='lat' dir='ltr'>xx</span> <span class='ocrx_word' id='word_1_184' title='bbox 1328 1452 1514 1500; x_wconf 80' lang='lat' dir='ltr'>speldingis</span> <span class='ocrx_word' id='word_1_185' title='bbox 1532 1467 1545 1489; x_wconf 84' lang='lat' dir='ltr'><em>l</em></span> <span class='ocrx_word' id='word_1_186' title='bbox 1563 1454 1610 1502; x_wconf 85' lang='lat' dir='ltr'>vjc</span> <span class='ocrx_word' id='word_1_187' title='bbox 1629 1455 1744 1501; x_wconf 81' lang='lat' dir='ltr'>xxxvij</span> 
     </span>
     <span class='ocr_line' id='line_1_17' title="bbox 334 1530 1744 1578; baseline -0.003 -8"><span class='ocrx_word' id='word_1_188' title='bbox 334 1536 443 1570; x_wconf 83' lang='lat' dir='ltr'>alleca</span> <span class='ocrx_word' id='word_1_189' title='bbox 476 1532 558 1568; x_wconf 81' lang='lat' dir='ltr'>salsa</span> <span class='ocrx_word' id='word_1_190' title='bbox 589 1546 600 1567; x_wconf 80' lang='lat' dir='ltr'><em>s</em></span> <span class='ocrx_word' id='word_1_191' title='bbox 635 1532 719 1566; x_wconf 75' lang='lat' dir='ltr'>xxix</span> <span class='ocrx_word' id='word_1_192' title='bbox 744 1536 843 1578; x_wconf 90' lang='lat' dir='ltr'>petre</span> <span class='ocrx_word' id='word_1_193' title='bbox 871 1544 893 1564; x_wconf 80' lang='lat' dir='ltr'>x</span> <span class='ocrx_word' id='word_1_194' title='bbox 927 1530 1014 1564; x_wconf 90' lang='lat' dir='ltr'>libre</span> <span class='ocrx_word' id='word_1_195' title='bbox 1044 1530 1147 1577; x_wconf 85' lang='lat' dir='ltr'>butirj</span> <span class='ocrx_word' id='word_1_196' title='bbox 1187 1544 1199 1565; x_wconf 85' lang='lat' dir='ltr'><em>l</em></span> <span class='ocrx_word' id='word_1_197' title='bbox 1238 1531 1329 1565; x_wconf 89' lang='lat' dir='ltr'>Item</span> <span class='ocrx_word' id='word_1_198' title='bbox 1361 1532 1466 1578; x_wconf 88' lang='lat' dir='ltr'>empt’</span> <span class='ocrx_word' id='word_1_199' title='bbox 1495 1532 1555 1566; x_wconf 81' lang='lat' dir='ltr'>xix</span> <span class='ocrx_word' id='word_1_200' title='bbox 1584 1533 1744 1567; x_wconf 88' lang='lat' dir='ltr'>mulones</span> 
     </span>
     <span class='ocr_line' id='line_1_18' title="bbox 334 1607 1742 1655; baseline -0.004 -6"><span class='ocrx_word' id='word_1_201' title='bbox 334 1619 491 1649; x_wconf 86' lang='lat' dir='ltr'>recentes</span> <span class='ocrx_word' id='word_1_202' title='bbox 520 1624 531 1645; x_wconf 82' lang='lat' dir='ltr'><em>l</em></span> <span class='ocrx_word' id='word_1_203' title='bbox 560 1617 594 1645; x_wconf 78' lang='lat' dir='ltr'>vc</span> <span class='ocrx_word' id='word_1_204' title='bbox 619 1610 728 1644; x_wconf 85' lang='lat' dir='ltr'>alleca</span> <span class='ocrx_word' id='word_1_205' title='bbox 752 1609 906 1643; x_wconf 86' lang='lat' dir='ltr'>recentia</span> <span class='ocrx_word' id='word_1_206' title='bbox 936 1619 944 1642; x_wconf 85' lang='grc' dir='ltr'><em>Ι</em></span> <span class='ocrx_word' id='word_1_207' title='bbox 972 1613 1006 1642; x_wconf 80' lang='lat' dir='ltr'>vc</span> <span class='ocrx_word' id='word_1_208' title='bbox 1033 1608 1099 1654; x_wconf 86' lang='lat' dir='ltr'>albj</span> <span class='ocrx_word' id='word_1_209' title='bbox 1128 1607 1234 1654; x_wconf 87' lang='lat' dir='ltr'>pisces</span> <span class='ocrx_word' id='word_1_210' title='bbox 1253 1621 1264 1641; x_wconf 80' lang='lat' dir='ltr'><em>s</em></span> <span class='ocrx_word' id='word_1_211' title='bbox 1284 1608 1304 1655; x_wconf 91' lang='lat' dir='ltr'>ij</span> <span class='ocrx_word' id='word_1_212' title='bbox 1331 1608 1456 1654; x_wconf 86' lang='lat' dir='ltr'>leingis</span> <span class='ocrx_word' id='word_1_213' title='bbox 1483 1622 1494 1642; x_wconf 78' lang='lat' dir='ltr'><em>s</em></span> <span class='ocrx_word' id='word_1_214' title='bbox 1523 1609 1557 1655; x_wconf 88' lang='lat' dir='ltr'>iij</span> <span class='ocrx_word' id='word_1_215' title='bbox 1586 1609 1742 1655; x_wconf 75' lang='lat' dir='ltr'>rigadiat</span> 
     </span>
     <span class='ocr_line' id='line_1_19' title="bbox 330 1685 1742 1738; baseline -0.003 -13"><span class='ocrx_word' id='word_1_216' title='bbox 330 1693 344 1738; x_wconf 83' lang='lat' dir='ltr'><strong>j</strong></span> <span class='ocrx_word' id='word_1_217' title='bbox 365 1691 468 1725; x_wconf 87' lang='lat' dir='ltr'>turbo</span> <span class='ocrx_word' id='word_1_218' title='bbox 487 1701 632 1735; x_wconf 83' lang='lat' dir='ltr'>magnus</span> <span class='ocrx_word' id='word_1_219' title='bbox 653 1701 663 1721; x_wconf 80' lang='lat' dir='ltr'><em>s</em></span> <span class='ocrx_word' id='word_1_220' title='bbox 682 1700 703 1722; x_wconf 93' lang='lat' dir='ltr'>v</span> <span class='ocrx_word' id='word_1_221' title='bbox 721 1687 891 1721; x_wconf 83' lang='lat' dir='ltr'>salmones</span> <span class='ocrx_word' id='word_1_222' title='bbox 917 1691 1074 1720; x_wconf 88' lang='lat' dir='ltr'>recentes</span> <span class='ocrx_word' id='word_1_223' title='bbox 1094 1697 1105 1718; x_wconf 85' lang='lat' dir='ltr'><em>l</em></span> <span class='ocrx_word' id='word_1_224' title='bbox 1124 1685 1220 1732; x_wconf 81' lang='lat' dir='ltr'>xlviij</span> <span class='ocrx_word' id='word_1_225' title='bbox 1240 1685 1359 1732; x_wconf 90' lang='lat' dir='ltr'>polupj</span> <span class='ocrx_word' id='word_1_226' title='bbox 1382 1698 1393 1719; x_wconf 80' lang='grc'><em>1</em></span> <span class='ocrx_word' id='word_1_227' title='bbox 1411 1686 1516 1733; x_wconf 81' lang='lat' dir='ltr'>xxxvj</span> <span class='ocrx_word' id='word_1_228' title='bbox 1536 1686 1715 1733; x_wconf 84' lang='lat' dir='ltr'>merlingis</span> <span class='ocrx_word' id='word_1_229' title='bbox 1731 1701 1742 1721; x_wconf 79' lang='lat' dir='ltr'><em>s</em></span> 
     </span>
     <span class='ocr_line' id='line_1_20' title="bbox 329 1762 1741 1815; baseline -0.002 -13"><span class='ocrx_word' id='word_1_230' title='bbox 329 1769 342 1815; x_wconf 86' lang='lat' dir='ltr'>j</span> <span class='ocrx_word' id='word_1_231' title='bbox 363 1773 485 1814; x_wconf 85' lang='lat' dir='ltr'>quarta</span> <span class='ocrx_word' id='word_1_232' title='bbox 503 1766 566 1813; x_wconf 87' lang='lat' dir='ltr'>cetj</span> <span class='ocrx_word' id='word_1_233' title='bbox 586 1783 596 1799; x_wconf 83' lang='lat' dir='ltr'><em>l</em></span> <span class='ocrx_word' id='word_1_234' title='bbox 610 1772 644 1800; x_wconf 90' lang='lat' dir='ltr'>et</span> <span class='ocrx_word' id='word_1_235' title='bbox 656 1766 779 1812; x_wconf 81' lang='lat' dir='ltr'>expen’</span> <span class='ocrx_word' id='word_1_236' title='bbox 792 1762 974 1799; x_wconf 86' lang='lat' dir='ltr'>succeffiue</span> <span class='ocrx_word' id='word_1_237' title='bbox 991 1775 1002 1797; x_wconf 80' lang='lat' dir='ltr'><em>l</em></span> <span class='ocrx_word' id='word_1_238' title='bbox 1015 1763 1051 1796; x_wconf 87' lang='lat' dir='ltr'>in</span> <span class='ocrx_word' id='word_1_239' title='bbox 1064 1762 1164 1809; x_wconf 86' lang='lat' dir='ltr'>lucijs</span> <span class='ocrx_word' id='word_1_240' title='bbox 1178 1775 1189 1796; x_wconf 78' lang='lat'><em>1</em></span> <span class='ocrx_word' id='word_1_241' title='bbox 1204 1762 1241 1796; x_wconf 88' lang='lat' dir='ltr'>in</span> <span class='ocrx_word' id='word_1_242' title='bbox 1254 1762 1407 1797; x_wconf 85' lang='lat' dir='ltr'>fundolis</span> <span class='ocrx_word' id='word_1_243' title='bbox 1420 1776 1431 1797; x_wconf 74' lang='lat' dir='ltr'>t</span> <span class='ocrx_word' id='word_1_244' title='bbox 1448 1763 1567 1798; x_wconf 87' lang='lat' dir='ltr'>bukeis</span> <span class='ocrx_word' id='word_1_245' title='bbox 1583 1778 1594 1798; x_wconf 79' lang='lat' dir='ltr'><strong><em>s</em></strong></span> <span class='ocrx_word' id='word_1_246' title='bbox 1609 1764 1718 1812; x_wconf 88' lang='lat' dir='ltr'>ostrijs</span> <span class='ocrx_word' id='word_1_247' title='bbox 1731 1782 1741 1798; x_wconf 76' lang='grc' dir='ltr'><em>ι</em></span> 
     </span>
     <span class='ocr_line' id='line_1_21' title="bbox 336 1839 1743 1891; baseline -0.002 -11"><span class='ocrx_word' id='word_1_248' title='bbox 336 1852 370 1881; x_wconf 88' lang='lat' dir='ltr'>et</span> <span class='ocrx_word' id='word_1_249' title='bbox 388 1845 536 1891; x_wconf 86' lang='lat' dir='ltr'>cariagio</span> <span class='ocrx_word' id='word_1_250' title='bbox 557 1857 568 1878; x_wconf 77' lang='lat' dir='ltr'><strong><em>s</em></strong></span> <span class='ocrx_word' id='word_1_251' title='bbox 586 1843 670 1890; x_wconf 87' lang='lat' dir='ltr'>varij</span> <span class='ocrx_word' id='word_1_252' title='bbox 690 1841 796 1890; x_wconf 90' lang='lat' dir='ltr'>precij</span> <span class='ocrx_word' id='word_1_253' title='bbox 826 1858 837 1875; x_wconf 86' lang='lat' dir='ltr'><em>l</em></span> <span class='ocrx_word' id='word_1_254' title='bbox 866 1841 1008 1876; x_wconf 87' lang='lat' dir='ltr'>Summa</span> <span class='ocrx_word' id='word_1_255' title='bbox 1024 1853 1047 1874; x_wconf 87' lang='lat' dir='ltr'><strong>x</strong></span> <span class='ocrx_word' id='word_1_256' title='bbox 1063 1840 1089 1874; x_wconf 79' lang='lat' dir='ltr'>fi</span> <span class='ocrx_word' id='word_1_257' title='bbox 1106 1852 1150 1874; x_wconf 87' lang='lat' dir='ltr'>xv</span> <span class='ocrx_word' id='word_1_258' title='bbox 1169 1845 1184 1874; x_wconf 73' lang='grc' dir='ltr'>ἔ</span> <span class='ocrx_word' id='word_1_259' title='bbox 1202 1852 1223 1874; x_wconf 92' lang='lat' dir='ltr'><strong>v</strong></span> <span class='ocrx_word' id='word_1_260' title='bbox 1240 1839 1265 1875; x_wconf 82' lang='lat' dir='ltr'>d</span> <span class='ocrx_word' id='word_1_261' title='bbox 1293 1852 1304 1873; x_wconf 76' lang='grc' dir='ltr'><em>Ι</em></span> <span class='ocrx_word' id='word_1_262' title='bbox 1333 1845 1368 1874; x_wconf 83' lang='lat' dir='ltr'>et</span> <span class='ocrx_word' id='word_1_263' title='bbox 1395 1842 1518 1888; x_wconf 83' lang='lat' dir='ltr'>expen&#39;</span> <span class='ocrx_word' id='word_1_264' title='bbox 1545 1855 1557 1876; x_wconf 83' lang='lat' dir='ltr'><em>l</em></span> <span class='ocrx_word' id='word_1_265' title='bbox 1585 1841 1642 1876; x_wconf 89' lang='lat' dir='ltr'>De</span> <span class='ocrx_word' id='word_1_266' title='bbox 1669 1855 1743 1889; x_wconf 90' lang='lat' dir='ltr'>pre-</span> 
     </span>
     <span class='ocr_line' id='line_1_22' title="bbox 335 1916 1391 1968; baseline -0.008 -10"><span class='ocrx_word' id='word_1_267' title='bbox 335 1923 473 1958; x_wconf 85' lang='lat' dir='ltr'>intratis</span> <span class='ocrx_word' id='word_1_268' title='bbox 491 1922 614 1968; x_wconf 87' lang='lat' dir='ltr'>expen&#39;</span> <span class='ocrx_word' id='word_1_269' title='bbox 631 1933 654 1954; x_wconf 80' lang='lat' dir='ltr'><strong>x</strong></span> <span class='ocrx_word' id='word_1_270' title='bbox 672 1919 841 1954; x_wconf 84' lang='lat' dir='ltr'>salmones</span> <span class='ocrx_word' id='word_1_271' title='bbox 858 1916 930 1952; x_wconf 80' lang='lat' dir='ltr'>falfi</span> <span class='ocrx_word' id='word_1_272' title='bbox 948 1930 960 1952; x_wconf 86' lang='lat' dir='ltr'><em>l</em></span> <span class='ocrx_word' id='word_1_273' title='bbox 973 1917 987 1964; x_wconf 86' lang='lat' dir='ltr'>j</span> <span class='ocrx_word' id='word_1_274' title='bbox 1007 1917 1092 1963; x_wconf 86' lang='lat' dir='ltr'>girls</span> <span class='ocrx_word' id='word_1_275' title='bbox 1111 1933 1121 1950; x_wconf 80' lang='lat' dir='ltr'>t</span> <span class='ocrx_word' id='word_1_276' title='bbox 1142 1921 1176 1951; x_wconf 89' lang='lat' dir='ltr'>et</span> <span class='ocrx_word' id='word_1_277' title='bbox 1193 1916 1236 1951; x_wconf 86' lang='lat' dir='ltr'>fic</span> <span class='ocrx_word' id='word_1_278' title='bbox 1253 1916 1391 1951; x_wconf 83' lang='lat' dir='ltr'>restant.</span> 
     </span>
    </p>
   </div>
   <div class='ocr_carea' id='block_1_6' title="bbox 829 1994 1245 2031">
    <p class='ocr_par' dir='ltr' id='par_1_6' title="bbox 829 1994 1245 2031">
     <span class='ocr_line' id='line_1_23' title="bbox 829 1994 1245 2031; baseline -0.007 0"><span class='ocrx_word' id='word_1_279' title='bbox 829 1996 972 2031; x_wconf 88' lang='lat' dir='ltr'>Summa</span> <span class='ocrx_word' id='word_1_280' title='bbox 991 2007 1012 2030; x_wconf 79' lang='lat' dir='ltr'>x</span> <span class='ocrx_word' id='word_1_281' title='bbox 1031 1994 1059 2029; x_wconf 75' lang='lat' dir='ltr'>ii</span> <span class='ocrx_word' id='word_1_282' title='bbox 1076 2007 1123 2029; x_wconf 86' lang='lat' dir='ltr'>xv</span> <span class='ocrx_word' id='word_1_283' title='bbox 1141 1999 1155 2029; x_wconf 76' lang='grc' dir='ltr'><strong>ἓ</strong></span> <span class='ocrx_word' id='word_1_284' title='bbox 1172 2007 1194 2029; x_wconf 91' lang='lat' dir='ltr'>v</span> <span class='ocrx_word' id='word_1_285' title='bbox 1212 1994 1245 2029; x_wconf 81' lang='lat' dir='ltr'>d.</span> 
     </span>
    </p>
   </div>
   <div class='ocr_carea' id='block_1_7' title="bbox 337 2150 1741 2277">
    <p class='ocr_par' dir='ltr' id='par_1_7' title="bbox 337 2150 1741 2277">
     <span class='ocr_line' id='line_1_24' title="bbox 384 2150 1741 2199; baseline -0.003 -10"><span class='ocrx_word' id='word_1_286' title='bbox 384 2160 465 2189; x_wconf 89' lang='lat' dir='ltr'>DIE</span> <span class='ocrx_word' id='word_1_287' title='bbox 484 2159 610 2189; x_wconf 91' lang='lat' dir='ltr'>LUNE</span> <span class='ocrx_word' id='word_1_288' title='bbox 628 2153 688 2186; x_wconf 78' lang='lat' dir='ltr'>xix</span> <span class='ocrx_word' id='word_1_289' title='bbox 705 2151 897 2186; x_wconf 88' lang='lat' dir='ltr'>Februarii.</span> <span class='ocrx_word' id='word_1_290' title='bbox 948 2157 1200 2188; x_wconf 88' lang='lat' dir='ltr'><strong>PANETRIA.</strong></span> <span class='ocrx_word' id='word_1_291' title='bbox 1238 2150 1296 2185; x_wconf 92' lang='lat' dir='ltr'>De</span> <span class='ocrx_word' id='word_1_292' title='bbox 1316 2151 1516 2197; x_wconf 82' lang='lat' dir='ltr'>preintratis</span> <span class='ocrx_word' id='word_1_293' title='bbox 1535 2167 1545 2184; x_wconf 75' lang='grc' dir='ltr'><em>ι</em></span> <span class='ocrx_word' id='word_1_294' title='bbox 1565 2153 1688 2199; x_wconf 84' lang='lat' dir='ltr'>expen’</span> <span class='ocrx_word' id='word_1_295' title='bbox 1706 2152 1741 2185; x_wconf 89' lang='lat' dir='ltr'>in</span> 
     </span>
     <span class='ocr_line' id='line_1_25' title="bbox 337 2227 1741 2277; baseline -0.003 -11"><span class='ocrx_word' id='word_1_296' title='bbox 337 2231 511 2266; x_wconf 89' lang='lat' dir='ltr'>dominico</span> <span class='ocrx_word' id='word_1_297' title='bbox 541 2230 598 2277; x_wconf 83' lang='lat' dir='ltr'>xiij</span> <span class='ocrx_word' id='word_1_298' title='bbox 627 2241 732 2276; x_wconf 84' lang='lat' dir='ltr'>panes</span> <span class='ocrx_word' id='word_1_299' title='bbox 763 2241 775 2262; x_wconf 84' lang='lat' dir='ltr'><em>l</em></span> <span class='ocrx_word' id='word_1_300' title='bbox 804 2228 846 2262; x_wconf 92' lang='lat' dir='ltr'>de</span> <span class='ocrx_word' id='word_1_301' title='bbox 874 2227 1025 2263; x_wconf 89' lang='lat' dir='ltr'>secundo</span> <span class='ocrx_word' id='word_1_302' title='bbox 1049 2228 1078 2275; x_wconf 78' lang='lat' dir='ltr'>jc</span> <span class='ocrx_word' id='word_1_303' title='bbox 1105 2228 1227 2274; x_wconf 75' lang='lat' dir='ltr'>lxxxvj</span> <span class='ocrx_word' id='word_1_304' title='bbox 1256 2239 1363 2274; x_wconf 85' lang='lat' dir='ltr'>panes</span> <span class='ocrx_word' id='word_1_305' title='bbox 1394 2245 1405 2260; x_wconf 78' lang='grc' dir='ltr'><em>ι</em></span> <span class='ocrx_word' id='word_1_306' title='bbox 1437 2228 1529 2263; x_wconf 89' lang='lat' dir='ltr'>Item</span> <span class='ocrx_word' id='word_1_307' title='bbox 1557 2230 1680 2275; x_wconf 82' lang='lat' dir='ltr'>expen’</span> <span class='ocrx_word' id='word_1_308' title='bbox 1704 2230 1741 2262; x_wconf 91' lang='lat' dir='ltr'>in</span> 
     </span>
    </p>
   </div>
   <div class='ocr_carea' id='block_1_8' title="bbox 338 2304 1741 2355">
    <p class='ocr_par' dir='ltr' id='par_1_8' title="bbox 338 2304 1741 2355">
     <span class='ocr_line' id='line_1_26' title="bbox 338 2304 1741 2355; baseline -0.003 -12"><span class='ocrx_word' id='word_1_309' title='bbox 338 2308 476 2355; x_wconf 84' lang='lat' dir='ltr'>pastillis</span> <span class='ocrx_word' id='word_1_310' title='bbox 495 2307 565 2355; x_wconf 80' lang='lat' dir='ltr'>xxij</span> <span class='ocrx_word' id='word_1_311' title='bbox 585 2318 691 2354; x_wconf 80' lang='lat' dir='ltr'>panes</span> <span class='ocrx_word' id='word_1_312' title='bbox 718 2323 729 2340; x_wconf 88' lang='lat' dir='ltr'><em>l</em></span> <span class='ocrx_word' id='word_1_313' title='bbox 758 2305 901 2341; x_wconf 84' lang='lat' dir='ltr'>Summa</span> <span class='ocrx_word' id='word_1_314' title='bbox 926 2306 1151 2352; x_wconf 83' lang='lat' dir='ltr'>expensarum</span> <span class='ocrx_word' id='word_1_315' title='bbox 1171 2304 1206 2351; x_wconf 83' lang='lat' dir='ltr'>ijc</span> <span class='ocrx_word' id='word_1_316' title='bbox 1218 2304 1232 2350; x_wconf 88' lang='lat' dir='ltr'>j</span> <span class='ocrx_word' id='word_1_317' title='bbox 1252 2317 1359 2351; x_wconf 86' lang='lat' dir='ltr'>panes</span> <span class='ocrx_word' id='word_1_318' title='bbox 1378 2318 1389 2339; x_wconf 77' lang='lat' dir='ltr'><strong><em>s</em></strong></span> <span class='ocrx_word' id='word_1_319' title='bbox 1408 2310 1443 2340; x_wconf 89' lang='lat' dir='ltr'>et</span> <span class='ocrx_word' id='word_1_320' title='bbox 1460 2304 1503 2340; x_wconf 92' lang='lat' dir='ltr'>fic</span> <span class='ocrx_word' id='word_1_321' title='bbox 1520 2305 1647 2340; x_wconf 83' lang='lat' dir='ltr'>restant</span> <span class='ocrx_word' id='word_1_322' title='bbox 1674 2306 1741 2339; x_wconf 68' lang='lat' dir='ltr'>ixso</span> 
     </span>
    </p>
   </div>
  </div>
 </body>
</html>
