1861 2703
152 1181 291 1205 Crammald.

140 2022 287 2055 Edinburgh,

324 212 395 248 5216
798 211 957 246 LIBER
985 212 1263 248 DOMICILII
1635 217 1738 251 1529.

323 310 388 344 bus
405 308 530 355 expen’
547 307 690 354 lxxxxvj
710 320 817 354 panes
837 322 847 342 t
867 314 902 342 et
919 306 962 342 fic
981 308 1107 342 restant
1133 308 1190 355 xvj
1221 321 1328 355 panes
1361 313 1395 343 et
1424 311 1548 355 expen’
1581 309 1617 342 in
1648 309 1740 343 dieta

323 385 487 432 lequente
506 385 542 418 in
561 383 706 418 difiunio
727 384 835 430 Regis
867 398 878 418 s
912 391 946 418 et
977 384 1019 419 fic
1045 397 1144 431 eque.
1197 390 1478 420 BUTELARIA.
1520 384 1637 432 Empt’
1667 398 1739 419 xxx

322 463 437 509 lagine
455 463 476 509 ij
497 468 620 508 quarte
640 460 781 496 ceruifie
799 462 835 495 xl
853 466 868 496 ἔ
886 463 944 508 viij
964 462 988 497 d
1007 475 1018 496 s
1038 468 1072 496 et
1091 464 1214 508 expen’
1234 461 1332 495 fimili
1351 462 1468 496 modo.
1523 468 1737 504 COQUINA.

322 541 439 587 Empt’
458 552 506 574 xx
524 545 686 573 mutones
704 551 725 572 v
744 538 768 573 ii
787 538 819 585 vj
836 543 851 573 S
868 539 925 585 viij
940 539 964 573 d
986 552 997 572 s
1010 539 1025 585 j
1040 544 1163 584 quarta
1181 545 1291 572 merte
1310 539 1367 585 viij
1388 544 1403 573 S
1423 553 1433 572 l
1453 540 1474 586 ij
1495 546 1616 585 quarte
1635 540 1736 587 vitulj

320 618 434 665 magnj
466 618 511 664 vij
532 622 546 651 S
566 630 576 650 s
597 622 631 650 et
662 616 785 662 expen'
816 616 837 662 ij
868 621 991 662 quarte
1022 616 1124 662 vitulj
1158 616 1216 662 viij
1251 622 1413 650 mutones
1440 629 1451 650 l
1480 623 1514 650 et
1539 615 1582 651 fic
1609 617 1736 652 restant

317 697 362 744 xij
384 702 545 730 mutones
565 695 604 742 sj
624 700 747 741 quarta
765 700 876 728 merte
896 707 907 728 l
927 695 1122 741 expenden’
1141 694 1235 740 apud
1256 694 1449 741 Striueling
1469 695 1595 730 ibidem
1625 695 1708 730 missi
1724 710 1734 729 l

318 776 409 810 Item
428 777 533 822 empt’
552 773 647 820 xxiiij
668 772 966 820 pulligallinarum
987 786 998 806 l
1018 786 1041 806 x
1076 785 1226 819 capones
1256 785 1268 806 s
1299 773 1320 819 ij
1341 773 1502 820 pluuiarij
1536 787 1546 807 s
1579 773 1624 820 iiij
1653 786 1735 808 aues

316 855 448 889 mariue
469 855 508 900 [j
529 852 597 887 tele
618 868 628 889 s
649 852 683 885 in
702 852 811 886 ordeo
833 864 844 885 s
862 851 929 885 sale
949 864 959 884 s
981 852 1056 885 ouis
1077 865 1087 885 l
1108 851 1204 885 caseo
1236 865 1246 885 s
1276 857 1310 885 et
1341 852 1410 898 pisa
1441 865 1451 885 l
1485 852 1568 898 varij
1601 852 1706 898 precij
1722 865 1733 886 s

317 933 461 968 Summa,
480 931 553 965 xlix
571 936 586 966 S
607 943 614 965 1
636 936 670 964 et
689 930 825 976 expen’.

789 1007 932 1041 Summa
949 1007 1007 1053 xiij
1027 1008 1052 1042 fl
1071 1008 1115 1055 vij
1136 1013 1150 1042 S
1169 1009 1203 1042 ix
1221 1009 1255 1044 d.

364 1173 446 1203 DlE
464 1171 701 1202 MERCURII
720 1177 765 1198 xv
786 1163 1009 1211 Septembris.
1054 1169 1311 1199 PANETRIA.
1351 1163 1407 1197 De
1426 1165 1630 1210 preintratis
1650 1179 1660 1199 s
1674 1178 1731 1200 ex-

314 1247 395 1294 pen’
426 1250 460 1279 et
486 1244 580 1278 miffe
606 1244 649 1277 ad
676 1242 880 1277 venationes
907 1242 942 1289 ij⁰
969 1241 1027 1288 lxij
1056 1254 1164 1288 panes
1185 1254 1196 1274 s
1223 1247 1257 1274 et
1284 1240 1326 1275 fic
1353 1241 1480 1275 restant
1501 1242 1552 1288 ΓΟ
1586 1249 1619 1275 vc
1645 1243 1728 1290 lxvij

311 1337 431 1372 panes·
484 1327 766 1358 BUTELARIA.
807 1320 924 1367 Empt’
952 1320 988 1354 lx
1015 1319 1132 1366 lagine
1167 1318 1307 1353 ceruifie
1338 1317 1432 1353 misse
1464 1320 1507 1353 ad
1537 1320 1646 1354 (Helas
1673 1334 1731 1355 ve-

312 1403 471 1437 nationes
499 1414 510 1434 l
537 1400 692 1447 precium
721 1412 742 1433 v
768 1399 792 1433 ii
814 1412 824 1432 s
844 1404 879 1433 et
905 1400 1030 1445 expen'
1061 1397 1201 1432 ibidem.
1254 1403 1474 1440 COQUINA.
1517 1398 1634 1445 Empt'
1655 1412 1727 1432 xxx

311 1480 472 1514 mulones
491 1478 575 1525 aridj
596 1478 689 1523 xxvij
710 1482 724 1511 S
745 1479 775 1523 vj
795 1477 819 1511 d
838 1490 849 1510 s
869 1483 904 1510 et
923 1479 1046 1522 expen’
1075 1489 1086 1509 s
1116 1475 1205 1509 Item
1235 1478 1340 1522 enupt’
1372 1481 1404 1509 vc
1435 1475 1536 1509 ostria
1556 1489 1566 1509 s
1586 1477 1607 1522 ij
1627 1483 1725 1523 petre

314 1559 373 1605 viij
392 1558 480 1592 libre
499 1557 604 1602 butirj
627 1569 637 1589 s
660 1556 705 1602 iiij
726 1560 824 1601 petre
844 1554 887 1600 vij
917 1554 1004 1588 libre
1031 1552 1104 1599 cafij
1139 1566 1149 1586 s
1180 1553 1216 1586 in
1247 1553 1323 1587 ouis
1353 1566 1363 1586 l
1392 1553 1555 1599 anguillis
1585 1567 1595 1587 s
1624 1555 1725 1588 tratis

311 1636 522 1671 torrentium
543 1648 553 1668 Ι
574 1640 609 1668 et
635 1633 805 1679 carriagio
824 1632 1008 1666 mulonum
1037 1631 1214 1665 aridorum
1248 1644 1258 1664 s
1290 1631 1396 1678 precij
1428 1631 1513 1677 varij
1543 1644 1553 1664 s
1582 1632 1724 1665 Summa

309 1715 343 1761 iij
362 1715 386 1749 ii
405 1713 450 1759 xij
471 1718 485 1748 ἔ
505 1726 515 1747 s
535 1717 570 1746 et
588 1712 723 1758 expen'.

364 1954 445 1984 DIE
471 1952 670 1983 VENERIS
702 1946 772 1980 xvii
813 1945 1036 1992 Septembris.
1103 1949 1349 1979 PANETRIA.
1404 1942 1460 1976 De
1488 1943 1687 1989 preintratis
1708 1957 1718 1977 s

307 2027 431 2073 expen'
450 2032 499 2060 vxx
518 2025 575 2072 xvj
596 2037 703 2072 panes
734 2024 770 2057 in
802 2023 918 2058 Peblis
949 2036 960 2056 s
993 2028 1027 2056 et
1058 2021 1150 2068 apud
1183 2020 1392 2067 Edinburgh
1419 2021 1454 2054 in
1481 2033 1566 2054 cena
1594 2024 1717 2067 expen'

307 2104 353 2150 lxj
376 2116 482 2150 panes
509 2116 519 2136 s
549 2102 692 2137 Summa
713 2101 940 2148 expensarum
954 2102 981 2147 jc
1000 2100 1058 2146 lvij
1078 2112 1184 2146 panes
1204 2112 1215 2132 l
1235 2108 1270 2133 et,
1295 2097 1338 2132 fic
1357 2098 1482 2132 restant
1495 2098 1545 2144 jsO
1564 2099 1598 2144 ijc
1615 2104 1665 2131 νΧλ
1685 2099 1718 2131 ix

305 2194 423 2228 pancs.
476 2185 759 2216 BUTELARIA.
801 2178 919 2225 Empt'
939 2178 1032 2224 apud
1054 2177 1169 2211 Peblis
1187 2176 1222 2222 lij
1244 2176 1358 2222 lagine
1378 2174 1518 2210 ceruisxe
1539 2189 1550 2209 s
1570 2175 1717 2222 prieinm

305 2261 351 2307 iiij
371 2260 393 2294 li
415 2260 446 2305 vj
467 2257 555 2304 §viij
577 2257 599 2292 d
620 2270 629 2291 s
650 2262 683 2291 et
703 2259 826 2304 expen'
846 2269 907 2303 per
928 2256 1014 2289 duos
1034 2255 1105 2289 dies
1128 2267 1134 2288 l
1156 2260 1190 2288 et
1208 2253 1250 2288 fic
1270 2267 1356 2299 eque
1386 2267 1395 2287 s
1427 2253 1515 2288 Item
1543 2255 1647 2299 empt'
1675 2253 1716 2287 de
