1861 2703
181 242 285 278 1526.
682 241 837 276 REGIS
863 241 1053 277 JACOBI
1081 242 1126 276 V.
1556 243 1599 278 61

232 340 400 373 EODEM
425 339 520 372 DIE.
574 337 690 371 Finito
722 338 869 385 prandio
897 338 990 385 apud
1024 337 1232 385 Edinburgh
1269 356 1278 373 s
1315 339 1491 375 Dominus
1521 340 1601 375 Rex

177 495 311 529 nientes
323 493 499 528 Dominos
513 493 629 541 Regnj
647 510 657 527 s
674 493 822 528 barones
838 507 849 528 s
865 499 900 528 et
913 494 1184 528 liberetenentes
1197 495 1239 529 ad
1252 497 1464 531 excercitum
1480 496 1577 531 suum
1589 510 1599 530 s

175 652 309 697 expen'.
352 657 630 687 BUTELARIA.
662 650 780 698 Empt'
794 664 865 684 xxx
879 650 994 697 lagine
1009 648 1151 685 ceruifie
1165 651 1260 697 price
1275 665 1346 686 xxx
1358 657 1373 687 ,ζ
1388 669 1397 685 s
1415 653 1457 686 de
1472 653 1596 699 quibus

174 730 298 775 expen’
314 730 345 776 vj
359 729 474 776 lagine
489 729 629 765 ceruifie
646 744 656 764 l
673 736 707 765 et
720 729 762 764 sle
776 730 903 764 restant
921 729 1017 776 xxiiij
1037 729 1154 775 lagine
1173 729 1326 764 ceruilie.
1378 738 1593 774 COQUINA.

175 806 292 854 Empt’
304 808 350 855 iiij
368 807 538 843 fissmones
553 814 710 843 recentes
724 809 796 856 xiiij
813 814 828 843 Ξ
842 809 899 855 viij
912 808 935 843 d
949 822 959 842 s
976 808 1011 855 ijc
1023 807 1058 842 lx
1073 807 1139 855 albj
1154 808 1260 855 pisces
1272 822 1317 842 xx
1333 814 1347 844 ἔ
1363 811 1396 856 sj
1410 816 1508 857 petra
1520 811 1592 859 calij

172 886 205 931 iij
222 891 237 921 ἔ
256 903 266 919 l
287 886 318 933 vj
335 886 420 922 libre
440 887 544 934 butirj
565 887 585 934 ij
600 892 615 922 ἒ
633 887 690 934 viij
706 887 729 922 d
749 904 759 921 s
779 887 815 934 ijc
833 900 901 921 oua
915 900 936 921 v
954 892 970 922 ἔ
988 887 1034 934 iiij
1054 887 1078 922 d
1097 903 1107 920 s
1128 887 1163 921 in
1181 887 1248 922 sale
1268 887 1312 935 xij
1330 888 1354 923 d
1373 902 1384 922 l
1404 894 1438 923 et
1457 891 1591 936 expen’.

510 965 654 999 Summa
672 965 716 1013 vij
737 965 761 1000 fi
779 978 800 999 v
820 970 834 1000 ἔ
853 966 909 1013 viij
930 966 953 1001 d
973 967 1007 1000 in
1029 966 1129 1000 totali
1148 966 1251 1000 dieta.

216 1127 298 1157 DIE
323 1127 501 1157 MARTIS
525 1122 648 1168 quinto
667 1121 776 1157 Junii.
830 1129 1078 1159 PANETRIA.
1118 1123 1175 1157 De
1193 1124 1394 1171 preintratis
1426 1138 1436 1158 s
1469 1126 1593 1172 expen’

168 1200 262 1247 lxxiij
283 1212 389 1246 panes
409 1213 419 1234 s
441 1206 475 1234 et
493 1199 535 1235 fic
555 1214 641 1247 eque
671 1217 680 1234 l
711 1200 801 1235 Item
821 1202 927 1248 empt'
946 1214 1008 1248 per
1029 1202 1266 1236 Archbaldum
1300 1202 1461 1250 Douglas
1479 1203 1589 1237 custu-

167 1279 314 1312 marium
345 1291 469 1325 magne
501 1279 653 1314 custume
686 1279 706 1326 ij
738 1280 854 1314 celdre
885 1280 1051 1327 frumentj
1081 1281 1177 1327 price
1203 1294 1272 1315 xxv
1291 1281 1315 1316 ii
1334 1281 1379 1328 xij
1400 1286 1415 1316 ἔ
1444 1281 1588 1317 liberate

168 1354 325 1390 Waltero
346 1357 427 1391 Scot
454 1357 569 1404 pistorj
600 1371 610 1392 Ι
641 1358 683 1392 de
712 1357 836 1404 quibus
862 1363 1105 1405 prouenerunt
1135 1358 1170 1392 in
1202 1359 1348 1406 panibus
1366 1359 1417 1407 ij(D
1435 1362 1482 1407 vjc
1500 1361 1587 1396 lxxx

163 1447 270 1481 panes
290 1435 324 1469 in
344 1435 519 1470 dominico
538 1441 573 1470 et
591 1435 743 1471 secundo
764 1453 774 1469 ι
796 1436 838 1470 de
857 1435 983 1482 quibus
1003 1438 1127 1484 expen’
1146 1437 1181 1470 in
1205 1437 1381 1472 dominico
1402 1441 1433 1485 vj
1452 1451 1558 1485 panes
1575 1457 1584 1472 l

163 1513 206 1547 de
224 1512 376 1548 lecundo
399 1514 427 1561 j
457 1515 563 1562 xxxvj
584 1527 691 1562 panes
719 1528 730 1549 s
759 1515 903 1549 Summa
933 1515 1160 1562 expensarum
1188 1517 1216 1563 j⁰
1245 1515 1304 1562 xlij
1334 1529 1441 1563 panes
1460 1534 1470 1550 ι
1490 1522 1525 1552 et
1543 1517 1586 1552 fic

161 1591 287 1627 restant
322 1592 373 1640 ijm
403 1599 437 1627 v‘
454 1593 585 1640 xxxviij
605 1605 713 1640 panes
741 1611 750 1627 s
782 1593 872 1627 Item
901 1593 1045 1628 liberate
1064 1593 1245 1628 Fratribus
1274 1593 1310 1627 in
1339 1594 1532 1630 elemozina
1550 1596 1585 1630 lx

162 1683 267 1717 panes
294 1685 305 1705 s
333 1677 367 1705 et
386 1670 428 1705 fic
447 1670 574 1706 restant
592 1671 650 1718 ij‘O
668 1672 729 1718 iiijc
747 1671 921 1718 lxxxxviij
942 1684 1059 1718 paneS.
1113 1678 1396 1708 BUTELARIA.
1449 1673 1586 1721 Expen'

162 1750 278 1797 xxxvij
300 1750 415 1797 lagine
435 1750 455 1798 ij
476 1756 599 1797 quarte
619 1749 759 1785 ceruifie
788 1764 798 1785 s
827 1756 861 1785 et
880 1749 921 1785 fic
941 1763 1029 1797 eque
1057 1764 1068 1785 l
1099 1750 1189 1785 Item
1221 1752 1326 1799 empt'
1357 1752 1439 1799 xxxj
1469 1753 1584 1799 lagine

164 1828 303 1863 ceruifie
322 1829 415 1876 price
435 1829 552 1876 xxxvij
573 1835 588 1864 Ξ
606 1829 651 1877 iiij
672 1829 696 1864 d
715 1846 725 1863 l
746 1829 788 1864 de
807 1829 932 1876 quibus
963 1830 998 1863 in
1030 1829 1208 1864 domicilio
1241 1831 1366 1877 expen’
1385 1836 1419 1864 et
1437 1831 1582 1867 liberate

161 1906 261 1941 dietis
282 1907 461 1941 Fratribus
480 1908 515 1941 in
534 1908 729 1942 elemozina
749 1908 859 1954 Regis
877 1908 934 1955 xvj
954 1908 1070 1955 lagine
1089 1906 1230 1943 ceruifie
1250 1921 1260 1942 l
1280 1914 1315 1943 et
1331 1907 1375 1944 fic
1392 1909 1519 1945 restant
1538 1924 1582 1944 xv

160 1985 273 2031 lagine
289 1986 411 2021 reliete
425 1987 459 2020 in
474 1986 626 2034 hospicio
640 1986 807 2033 Duncanj
825 1986 962 2021 Froster
976 1987 1094 2021 militis
1111 2003 1121 2020 s
1138 1992 1172 2022 et
1184 1985 1226 2021 fic
1238 2000 1337 2034 eque.
1365 1994 1580 2031 COQUINA.

159 2147 193 2176 et
211 2141 253 2178 fic
273 2143 399 2178 restant
417 2143 464 2191 iiij
485 2149 648 2178 mutones
665 2143 802 2178 liberati
830 2143 1010 2178 Fratribus
1029 2143 1262 2179 Obseruantie
1292 2161 1302 2179 ι
1334 2150 1369 2179 et
1394 2144 1437 2180 fic
1464 2158 1551 2192 eque
1568 2160 1578 2179 s

161 2220 250 2255 Item
271 2222 376 2269 empt'
395 2222 415 2268 ij
437 2222 594 2269 carcagia
611 2226 802 2256 mertarum
818 2221 853 2268 iij
869 2227 991 2267 quarte
1004 2222 1198 2257 herbalium
1219 2222 1265 2270 iiij
1281 2223 1305 2258 ii
1323 2223 1383 2257 xix
1401 2228 1415 2258 ἔ
1435 2237 1446 2257 t
1460 2225 1474 2271 j
1490 2224 1578 2258 vitu-

160 2297 212 2332 lus
230 2310 375 2345 magnus
394 2299 462 2346 xvij
483 2304 499 2335 ἔ
517 2299 556 2347 ι]
577 2299 707 2334 vitulus
725 2311 855 2347 paruus
874 2300 907 2347 iij
928 2305 943 2335 ἕ
961 2300 1007 2349 iiij
1026 2300 1051 2336 d
1070 2314 1081 2335 l
1100 2301 1147 2348 iiij
1167 2301 1246 2349 agnj
1262 2301 1308 2349 xij
1328 2306 1343 2337 's‘
1362 2314 1373 2335 s
1393 2302 1413 2348 ij
1433 2302 1551 2349 lingue
1566 2319 1575 2335 s

177 430 254 452 cnm
272 415 473 462 quibusdam
489 415 655 449 Dominis
671 414 812 463 Confilij
827 416 1076 462 equitauerunt
1089 416 1204 450 versus
1216 417 1409 465 Striueling
1420 418 1463 452 ad
1478 431 1601 465 preue-
1643 425 1753 448 Srriuelin

1757 436 1779 455 g·
