1861 2703
303 226 348 261 98
762 222 919 258 LIBER
948 223 1225 259 DOMICILII
1615 229 1719 261 1525.

307 320 403 365 Boge
423 335 432 351 s
453 324 487 353 et
509 318 685 365 Willielmj
706 318 879 354 Galbrath
899 333 911 354 s
929 332 1068 355 necnon
1095 322 1192 367 equis
1219 320 1322 369 Fabrj
1345 334 1355 355 s
1374 321 1395 355 J
1399 321 1546 355 ohannis
1572 320 1668 356 Bane
1687 322 1718 356 le

305 398 539 444 sumpterman
555 410 567 430 Ι
582 402 616 431 et
636 396 903 432 Abbreuiatoris
922 398 1179 445 Compotorum
1200 412 1211 432 s
1231 400 1289 446 quj
1308 399 1386 433 sunt
1404 399 1441 433 in
1458 411 1606 433 numero
1626 399 1718 445 xxvij

305 478 382 523 equj
399 492 409 508 ι
425 474 685 510 remanentibus
696 475 732 508 in
748 474 955 522 Edinburgh
972 488 992 509 a
1006 476 1143 510 decimo
1159 477 1288 511 octauo
1301 476 1386 523 dictj
1403 475 1526 511 meniis
1538 477 1641 522 vsque
1653 477 1721 523 pri-

305 567 400 588 mum
416 553 584 589 octobris
598 552 771 588 exclufiue
786 566 798 587 l
810 553 866 599 quj
882 551 962 587 sunt
979 553 1039 600 xiij
1053 553 1126 587 dies
1148 567 1158 587 t
1174 553 1388 600 capientibus
1403 554 1439 588 in
1450 554 1570 588 auenis
1586 568 1596 589 s
1612 555 1693 589 feno
1710 569 1720 588 l

307 640 340 667 et
358 645 446 679 pane
465 632 593 678 equino
612 631 827 678 capientibus
844 631 881 664 in
900 631 956 665 die
973 631 1033 665 xix
1051 636 1066 665 ἓ
1083 631 1117 678 vj
1138 631 1163 666 d
1182 648 1191 665 s
1211 643 1347 665 summa
1364 631 1411 678 xij
1430 633 1456 666 ii
1474 632 1532 678 xiij
1554 636 1568 666 ’s
1585 635 1618 679 vj
1638 633 1672 667 d.

699 709 842 744 Summa
859 709 1006 756 pecunie
1025 709 1070 755 xij
1090 709 1115 743 fi
1133 708 1192 755 xiij
1212 713 1227 743 Ξ
1244 708 1277 755 vj
1298 708 1332 742 d.

358 868 482 901 PRmo
502 866 697 901 chossms
725 879 736 899 l
766 865 866 911 Rege
893 870 1097 899 remanente
1127 865 1163 898 in
1195 864 1404 911 Edinburgh
1433 877 1512 899 cum
1543 866 1599 900 sex
1630 867 1725 912 equis

311 946 460 981 eiusdem
480 944 740 979 remanentibus
757 944 884 978 ibidem
904 956 924 977 a
942 943 1038 977 dieto
1058 942 1113 977 die
1127 943 1240 989 primo
1257 941 1424 977 OGtobris
1438 942 1604 978 inelufiue
1622 945 1725 990 quue

308 1024 531 1058 vndecimum
546 1022 629 1069 di&j
646 1020 768 1056 meniis
782 1019 955 1056 exclufiue
970 1033 980 1054 s
994 1019 1051 1066 quj
1068 1019 1184 1064 [sunt]
1197 1020 1317 1054 decem
1330 1020 1422 1054 diest
1433 1021 1647 1067 capientibus
1660 1035 1724 1068 pro

310 1178 355 1211 Et
374 1177 475 1224 super
493 1176 568 1223 iiij⁰r
588 1176 684 1222 equis
704 1174 859 1222 Magistrj
882 1174 1015 1221 Stabulj
1035 1174 1297 1208 remanentibus
1311 1174 1355 1208 ad
1367 1180 1466 1208 extra
1478 1187 1539 1222 per
1554 1176 1627 1223 iiij⁰¹r
1655 1177 1726 1211 dies

310 1256 399 1289 infra
417 1255 551 1289 dietum
569 1260 706 1300 tempus
732 1253 769 1286 in
796 1253 917 1287 auenis
947 1258 981 1286 et
1009 1252 1119 1299 gagijs
1138 1252 1208 1298 senj
1229 1253 1287 1299 viij
1308 1256 1323 1286 ἔ
1342 1266 1353 1286 s
1374 1253 1464 1288 Item
1484 1255 1608 1300 expen'
1625 1254 1726 1301 super

311 1335 463 1381 quinque
482 1332 578 1378 equis
597 1331 817 1366 Seruitorum
837 1329 970 1377 Stabulj
993 1343 1004 1363 s
1022 1330 1044 1377 ij
1067 1329 1224 1377 Magistrj
1258 1330 1393 1365 Auerie
1426 1344 1437 1364 s
1469 1331 1578 1366 tribus
1598 1332 1723 1379 Clericj

312 1414 568 1459 compotorum
588 1423 599 1443 s
619 1408 755 1443 duobus
773 1408 955 1456 Senescallj
977 1408 1159 1455 Domicilij
1180 1422 1191 1442 l
1211 1408 1232 1455 ij
1255 1408 1401 1456 Robertj
1416 1409 1488 1444 Gib
1502 1423 1564 1457 per
1582 1410 1725 1458 strepam

314 1490 460 1536 Dominj
478 1489 585 1534 Regis
600 1501 610 1521 s
622 1499 660 1521 ac
673 1487 769 1533 equis
779 1486 799 1521 J
803 1486 950 1521 ohannis
965 1486 1062 1521 Bane
1074 1486 1126 1521 lez
1137 1486 1504 1534 sumptermantFabrj
1520 1501 1531 1522 s
1545 1494 1579 1523 et
1594 1489 1728 1524 Abbre-

314 1568 456 1602 uiatoris
469 1566 725 1613 Compotorum
742 1582 751 1597 s
765 1564 821 1611 quj
835 1564 964 1599 suntin
978 1577 1127 1599 numero
1139 1564 1208 1611 xvij
1227 1564 1304 1611 equj
1316 1566 1595 1600 [remanentibus
1609 1567 1644 1601 in
1658 1568 1726 1602 Ed-

314 1646 464 1691 iuburgh
476 1658 495 1679 a
506 1645 601 1679 dicto
618 1644 673 1678 die
689 1643 802 1691 primo
814 1642 981 1677 Oetobris
998 1641 1102 1688 viique
1119 1642 1345 1677 vndecimum
1362 1642 1514 1678 eiustlem
1531 1644 1701 1680 exclufiue
1716 1661 1725 1679 s

314 1725 348 1757 in
364 1724 483 1758 auenis
498 1728 532 1757 et
545 1721 653 1768 gagijs
665 1721 733 1767 fenj
750 1720 963 1767 capientibus
977 1720 1013 1753 in
1025 1720 1131 1754 noe'te
1146 1720 1203 1766 viij
1220 1724 1235 1755 ἕ
1246 1721 1278 1766 vj
1294 1720 1319 1755 d
1332 1732 1343 1753 s
1356 1732 1492 1755 summa
1505 1721 1551 1768 iiij
1569 1722 1592 1755 ii
1612 1735 1632 1756 v
1648 1727 1671 1756 Ξ.

767 1797 909 1831 Summa
926 1797 1072 1843 pecunie
1091 1798 1124 1830 ix
1142 1797 1166 1831 ii
1185 1797 1218 1844 iij
1239 1801 1263 1831 ἔ.

363 1954 572 1988 VNnEcmo
604 1951 797 1987 OCTOBms
826 1968 835 1983 t
868 1951 967 1997 Rege
1000 1956 1203 1985 remanente
1239 1951 1276 1985 in
1313 1950 1521 1998 Edinburgh
1559 1965 1569 1985 s
1605 1956 1727 1999 expeu’

316 2031 414 2076 super
432 2030 553 2075 vigintj
582 2034 616 2063 et
642 2028 772 2075 septem
803 2028 899 2074 equis
932 2027 1039 2073 Regis
1071 2032 1105 2061 et
1125 2027 1302 2074 Domicilij
1323 2027 1451 2062 ibidem
1480 2027 1539 2062 ista
1567 2029 1673 2063 nocie
1693 2031 1726 2063 in

315 2108 434 2141 amenis
455 2120 461 2141 t
483 2106 563 2140 feno
584 2123 593 2139 s
614 2111 646 2140 et
665 2118 753 2153 pane
772 2105 900 2151 equino
919 2105 979 2138 xix
998 2109 1013 2138 Ξ
1030 2106 1062 2151 vj
1082 2105 1115 2138 d.

892 2182 1033 2217 Summa
1050 2186 1155 2228 patet.
