1861 2703
293 235 362 270 14·ss
752 232 911 268 LIBER
939 233 1220 269 DOMICILII
1600 239 1706 275 1529.

292 331 382 378 paste
410 344 421 364 l
450 330 539 364 Item
560 329 692 376 empt’j
713 342 795 376 aper
813 329 824 363 l
843 334 858 364 3
877 342 888 364 l
908 330 941 377 iij
962 330 1106 376 hogchis
1122 330 1170 378 iiij
1190 334 1205 365 3
1223 329 1255 377 vj
1275 330 1299 365 d
1325 343 1336 364 s
1364 330 1398 377 iij
1416 329 1563 378 sparribs
1585 343 1596 364 l
1617 331 1637 377 ij
1658 331 1709 365 fil-

292 409 384 442 lattis
400 407 445 454 vij
463 411 477 441 3
494 406 526 452 vj
541 406 565 441 d
584 419 594 440 s
613 407 645 453 vj
662 406 781 453 lingue
800 407 927 442 bouine
947 420 958 441 l
978 407 1024 454 xij
1041 407 1128 442 libre
1147 409 1220 454 cepj
1239 406 1298 454 xiij
1319 412 1334 442 3
1353 420 1364 442 l
1384 413 1418 442 et
1437 408 1560 456 expen’
1582 420 1592 442 t
1615 408 1706 442 Item

293 486 397 532 enipt’
415 498 436 519 v
454 484 597 532 porcellj
630 484 687 531 viij
707 488 722 519 3
740 484 772 531 vj
792 484 817 519 d
848 497 860 519 l
890 485 924 532 iij
944 485 1025 531 gallj
1058 484 1230 532 domesticj
1263 498 1274 519 s
1305 485 1350 533 xij
1380 485 1679 532 pulligallinarum
1695 501 1705 518 ι

290 564 335 609 xij
356 568 371 597 3
390 576 400 596 l
420 562 514 609 xxiiij
534 562 651 609 pultre
670 575 718 597 xx
736 567 751 597 3
770 575 781 596 s
801 562 895 609 xlviij
916 575 1065 609 capones
1083 562 1118 609 iij
1138 563 1163 597 ii
1182 562 1228 610 xij
1249 567 1263 597 3
1291 575 1303 597 l
1332 563 1424 597 Item
1451 563 1569 598 intrat’
1587 563 1635 611 lxj
1655 576 1708 598 ca-

290 653 399 688 pones
417 652 502 674 cane
520 640 563 674 de
583 639 652 674 Fiff
667 653 677 673 l
697 639 719 686 ij
739 651 888 686 capones
905 638 996 686 paste
1023 639 1055 685 vj
1075 643 1090 673 3
1124 652 1135 674 l
1162 639 1207 686 vij
1237 640 1389 687 cuniculj
1411 640 1480 687 xvij
1501 645 1516 676 3
1534 640 1565 687 vj
1586 641 1610 676 d
1628 654 1640 675 t
1658 641 1706 686 iiij

292 717 413 764 ciconij
435 717 454 764 ij
475 722 490 752 3
507 716 564 764 viij
584 717 608 751 (Ῐ
627 716 666 763 sj
686 716 816 762 gallina
834 715 974 750 moralis
993 729 1005 750 l
1023 716 1045 763 ij
1067 716 1224 763 perdices
1241 716 1274 763 vj
1294 721 1309 751 3
1329 719 1368 764 lj
1388 717 1500 764 gallus
1522 716 1679 752 siluestris
1695 731 1707 751 l

291 796 346 841 xvj
363 808 445 830 aues
458 795 589 829 marine
605 794 625 841 ij
639 799 654 829 3
673 807 685 828 l
703 794 735 841 vj
751 799 870 828 anates
889 794 925 828 ix
941 798 956 828 3
975 807 987 828 l
1006 794 1042 828 in
1061 794 1170 829 ordeo
1191 807 1203 828 l
1223 793 1320 829 caseo
1342 807 1355 829 l
1375 802 1409 829 et
1428 795 1573 842 cenapio
1589 807 1601 829 l
1616 796 1673 842 xvj
1693 800 1709 829 3

288 875 301 920 J‘
321 874 344 908 d
364 887 375 907 l
395 878 431 907 et
449 874 572 920 expen’
599 886 610 907 s
640 872 731 906 Item
751 873 856 919 empt'
873 871 985 919 lxxxij
1005 871 1167 918 pluuiarij
1188 872 1234 919 iiij
1250 872 1275 906 Ῐὶ
1293 874 1351 919 xvj
1367 877 1382 907 3
1398 872 1445 920 iiij
1461 873 1485 907 d
1506 872 1557 919 [jc
1575 872 1610 907 lx
1626 885 1707 907 aues

293 951 441 985 morales
460 963 482 985 x
499 951 525 985 ii
544 963 565 985 x
584 955 599 985 3
618 963 629 984 s
649 950 691 984 de
710 949 833 996 quibus
851 949 897 996 lvj
918 962 1000 984 aues
1018 949 1168 984 morales
1188 963 1199 984 t
1220 963 1244 984 x
1261 950 1423 997 pluuiarij
1448 962 1455 986 Ι
1476 956 1510 985 et
1524 949 1566 984 fic
1580 949 1707 985 restant

292 1107 347 1152 tirJ'
370 1120 380 1140 s
400 1112 434 1141 et
451 1106 494 1141 fic
511 1106 639 1140 restant
658 1118 730 1140 xxx
749 1111 847 1152 petre
866 1105 910 1151 vij
932 1105 1019 1139 libre
1037 1105 1142 1151 butirj
1172 1118 1184 1139 l
1213 1105 1304 1140 Item
1324 1106 1429 1152 empt’
1447 1105 1504 1152 ij‘s'
1519 1119 1586 1140 oua
1604 1105 1637 1152 iij
1654 1106 1678 1140 ii
1695 1119 1705 1139 t

293 1190 325 1217 et
345 1185 470 1231 expen’
488 1190 522 1219 vc
540 1197 608 1218 oua
634 1200 644 1217 t
677 1188 712 1217 et
730 1182 772 1217 fic
784 1183 834 1230 j(o
852 1188 885 1217 vc
903 1195 972 1217 oua
988 1182 1115 1217 restant
1142 1196 1154 1217 l
1183 1183 1274 1217 Item
1302 1182 1420 1217 intrat'
1447 1183 1492 1230 vij
1523 1183 1679 1229 perdices
1695 1197 1705 1217 t

286 1262 300 1308 j
317 1275 403 1296 auca
416 1262 610 1309 campestris
623 1274 686 1308 per
701 1261 874 1295 Abbatem
891 1261 933 1295 de
949 1259 1151 1295 Lundouris
1171 1273 1183 1294 l
1202 1260 1274 1307 :diij
1291 1273 1373 1295 aues
1384 1260 1533 1295 morales
1552 1273 1563 1295 l
1583 1261 1616 1307 xj
1633 1260 1707 1307 plu—

291 1340 390 1386 uiarij
409 1352 472 1386 per
491 1340 667 1374 Abbatem
687 1339 729 1374 de
749 1339 871 1386 Cupro
891 1351 902 1373 s
916 1341 930 1386 j
952 1339 1073 1385 cignus
1099 1351 1162 1385 per
1193 1338 1426 1373 Secretarium
1457 1351 1469 1372 l
1499 1337 1520 1385 ij
1543 1338 1627 1372 Rais
1645 1351 1707 1385 per

292 1509 353 1543 per
374 1496 548 1531 Abbatem
567 1496 609 1530 de
628 1495 837 1530 Newbottill
857 1512 867 1529 l
887 1499 922 1530 et
940 1496 1063 1542 expen'
1081 1493 1274 1529 succeffiue.

776 1573 919 1608 Summa
936 1571 1068 1619 lxxxvij
1086 1572 1112 1606 fi
1130 1572 1177 1618 iiij
1196 1570 1232 1607 d.

344 1735 426 1764 DIE
450 1735 649 1765 VENERIS
667 1728 818 1763 seeundo
838 1728 982 1776 Aprilis.
1035 1732 1280 1763 PANETRIA.
1324 1726 1382 1761 De
1400 1727 1599 1774 preintratis
1618 1741 1629 1762 s
1649 1740 1705 1762 ex-

293 1806 371 1852 pen’
390 1806 425 1840 in
446 1806 593 1852 prandio
611 1806 703 1852 apud
724 1805 930 1851 Edinburgh
943 1805 971 1852 J'c
989 1817 1095 1852 panes
1115 1817 1126 1838 l
1148 1809 1182 1839 et
1211 1803 1255 1838 fic
1285 1803 1412 1838 restant
1440 1804 1509 1851 jjjss)
1536 1804 1572 1851 ijc
1601 1810 1651 1839 vxx
1670 1805 1703 1852 iij

294 1895 411 1929 panes.
462 1889 743 1919 BUTELARIA.
784 1883 920 1930 Expen'
938 1895 1009 1916 xxx
1027 1883 1142 1929 lagine
1162 1881 1302 1916 ceruifie
1333 1895 1345 1916 l
1379 1887 1414 1916 et
1440 1881 1484 1916 fic
1501 1882 1628 1917 restant
1645 1883 1706 1929 iiiJ'c

296 1961 450 2007 lxxxxvij
482 1961 597 2007 lagine
629 1959 780 1996 ceruifie.
842 1966 1061 2003 COQUINA.
1105 1960 1223 2007 Empt'
1252 1960 1298 2007 vij
1328 1960 1488 1994 mulones
1517 1965 1674 1995 recentes
1693 1973 1704 1994 t

291 2037 318 2083 jc
336 2038 440 2084 xxxvj
460 2038 526 2085 ale'
546 2038 652 2085 pisces
671 2051 683 2072 l
702 2038 748 2085 iiij
767 2038 888 2085 polupj
911 2050 919 2073 ι
940 2038 976 2072 in
995 2038 1098 2072 trutis
1117 2051 1128 2072 t
1156 2037 1292 2085 podlois
1311 2050 1323 2072 l
1341 2037 1441 2084 lucijs
1473 2050 1484 2072 t
1513 2037 1622 2084 ostrijs
1641 2051 1652 2072 l
1672 2043 1705 2072 et

296 2115 449 2148 sundolis
468 2129 479 2149 s
499 2118 603 2162 xxxvj
620 2119 636 2149 3
655 2115 674 2162 ij
694 2116 717 2150 d
736 2128 747 2149 s
767 2121 801 2150 et
819 2116 944 2163 expen'
970 2129 982 2150 s
1011 2116 1101 2150 Item
1121 2117 1245 2163 expen’
1262 2116 1298 2163 ij⁶
1315 2115 1410 2162 xlviij
1430 2114 1539 2150 alleca
1553 2128 1564 2150 t
1578 2115 1592 2162 j
1607 2120 1706 2162 petra.

297 2192 353 2239 viij
374 2192 460 2227 libre
477 2193 581 2240 butirj
603 2207 614 2227 l
633 2194 727 2240 xxiiij
747 2206 815 2227 oua
833 2207 845 2228 s
865 2199 899 2229 et
916 2193 959 2229 fic
977 2194 1103 2229 restant
1122 2194 1173 2241 ijsD
1191 2194 1263 2241 viij⁶
1280 2193 1328 2241 xlj
1348 2193 1456 2228 alleca
1475 2205 1486 2227 t
1506 2192 1588 2240 xxiij
1607 2197 1704 2241 petre

297 2270 330 2316 xj
351 2270 437 2306 libre
455 2270 558 2319 butirJ'
580 2284 591 2305 l
610 2271 657 2319 iijc
675 2271 759 2318 lxiiij
780 2284 858 2306 oua.
