1861 2703
215 1918 271 1940 etth.

299 260 311 291 1
328 257 367 291 16
741 254 900 290 LIBER
927 253 1205 291 DOMICILII
1607 260 1711 294 15Q8.

300 350 440 387 ceruifie
467 364 479 385 t
509 350 601 385 Item
621 352 727 398 empt’
755 351 792 385 xl
823 352 938 399 lagine
968 351 1109 387 ceruifie
1136 352 1184 400 liij
1204 357 1219 388 3
1236 352 1282 400 iiij
1301 351 1326 388 d
1345 365 1356 387 l
1375 352 1418 387 de
1437 352 1560 399 quibus
1591 356 1714 400 expen’

299 431 359 464 xix
376 429 491 476 lagine
504 431 518 476 j
538 433 662 475 quarta
679 428 819 464 ceruifie
839 445 849 463 l
870 434 904 464 et
922 429 965 464 fic
983 430 1113 465 restant
1129 442 1178 465 xx
1196 430 1312 477 lagine
1343 431 1377 478 iij
1410 436 1534 477 quarte
1561 430 1712 466 ceruifie.

300 513 513 550 COQUINA.
541 507 602 541 De
619 507 821 554 preintratis
839 509 964 554 expen’
975 507 991 555 j
1011 513 1122 543 merta
1139 508 1163 556 ὲ
1179 513 1303 555 quarta
1315 508 1339 556 :¹2
1352 508 1421 544 eost
1437 522 1448 543 t
1463 509 1508 556 vij
1526 514 1687 544 mutones
1703 526 1712 542 l

300 592 333 620 et
350 585 392 620 fic
411 599 498 632 eque
518 599 529 620 s
550 585 641 620 Item
660 586 766 632 empt’
784 585 829 632 xij
850 590 1013 620 mutones
1027 585 1073 632 lvj
1090 591 1105 621 3
1120 598 1131 620 l
1147 586 1188 621 de
1203 586 1327 633 quibus
1345 588 1469 634 expen’
1488 600 1509 620 x
1528 592 1689 621 mutones
1703 604 1712 619 s

298 670 331 698 et
349 663 392 698 fic
410 663 536 698 restant
552 663 575 711 ij
596 669 759 698 mutones
779 676 790 697 1
811 663 902 698 Item
922 663 1028 710 empt’
1040 663 1123 710 xviij
1139 663 1435 711 pulligallinarum
1451 681 1461 697 l
1476 664 1557 710 xxvj
1574 665 1688 712 pultre
1702 679 1713 699 s

296 755 343 776 xx
362 753 510 790 capones
530 742 569 789 [j
589 754 672 776 anas
691 754 702 776 s
721 741 758 775 in
776 741 886 776 ordeo
905 754 917 775 l
938 746 972 775 et
990 739 1057 776 sale
1077 754 1088 775 s
1108 741 1193 788 varij
1213 742 1320 789 precij
1350 755 1361 776 s
1389 741 1533 777 Summa
1550 742 1598 776 lix
1616 748 1631 778 3
1651 756 1661 776 s
1681 749 1714 777 et

297 821 430 867 expen’.

772 898 915 933 Summa
930 899 966 933 ix
984 898 1009 932 ii
1027 897 1084 944 viij
1105 902 1120 933 3
1138 898 1183 945 iiij
1203 898 1237 933 d.

344 1062 427 1092 DIE
452 1060 629 1090 MARTIS
647 1067 717 1088 xxv
737 1053 898 1101 Augusti.
950 1061 1210 1092 PANETRIA.
1246 1056 1307 1089 De
1340 1055 1541 1102 preintratis
1561 1069 1571 1089 s
1591 1057 1715 1102 expen’

296 1134 367 1180 xliij
387 1145 494 1180 panes
522 1146 533 1167 s
562 1131 653 1166 Item
672 1131 818 1179 empt'jc
835 1144 942 1179 panes
960 1145 1006 1166 xx
1025 1138 1040 1168 3
1059 1146 1070 1167 l
1090 1133 1133 1168 de
1152 1132 1275 1179 quibus
1302 1133 1426 1180 expen’
1455 1133 1563 1167 lxxxv
1580 1146 1686 1180 panes
1702 1147 1713 1167 s

297 1218 330 1245 et
348 1210 391 1245 sle
408 1209 536 1245 restant
553 1221 647 1244 xxxv
665 1221 782 1256 paneS.
834 1215 1115 1246 BUTELARIA.
1164 1210 1300 1257 Expen‘
1327 1223 1373 1243 xx
1403 1209 1519 1256 lagine
1538 1209 1572 1257 iij
1592 1216 1714 1256 quarte

297 1287 436 1324 ceruifie
465 1305 474 1321 l
505 1287 596 1322 Item
628 1287 734 1333 empt'
764 1299 813 1320 xx
842 1286 957 1333 lagine
988 1286 1129 1322 ceruifie
1160 1289 1242 1334 xxvj
1275 1293 1289 1323 3
1320 1287 1377 1334 viij
1408 1287 1431 1322 d
1468 1300 1479 1320 t
1513 1292 1548 1321 et
1578 1288 1713 1334 expen’.

297 1372 510 1409 COQUINA.
539 1364 685 1411 Empt’j
706 1368 819 1398 merta
837 1363 871 1410 iij
891 1369 1013 1410 quarte
1031 1365 1043 1398 l
1061 1369 1076 1400 3
1092 1365 1149 1412 viij
1169 1365 1193 1400 d
1212 1378 1222 1399 s
1246 1365 1304 1412 xiij
1319 1370 1481 1399 mutones
1500 1365 1533 1412 iij
1554 1365 1579 1399 ii
1597 1364 1687 1411 viijd
1700 1378 1710 1397 l

297 1451 330 1478 et
349 1443 472 1490 expen’
499 1455 510 1476 t
540 1441 630 1476 Item
649 1441 754 1488 empt’
772 1441 852 1488 xxvj
873 1454 1022 1488 capones
1041 1455 1052 1476 1
1072 1455 1117 1477 xv
1135 1443 1251 1490 pultre
1271 1456 1282 1477 s
1303 1443 1360 1490 xvj
1390 1441 1686 1490 pulligallinarum
1702 1455 1712 1474 l

296 1523 331 1555 in
349 1521 415 1555 sale
436 1534 447 1555 s
463 1518 541 1567 pifis
559 1533 571 1554 s
588 1519 701 1565 groffa
717 1519 847 1553 sarrina
865 1532 876 1553 t
896 1519 1011 1554 butiro
1031 1532 1043 1553 l
1062 1518 1158 1554 caseo
1179 1533 1190 1553 l
1209 1520 1285 1554 ouis
1313 1532 1325 1554 l
1352 1519 1464 1566 pomis
1492 1532 1504 1553 l
1529 1519 1613 1566 piris
1640 1532 1651 1552 s
1679 1525 1712 1552 et

296 1599 387 1645 cepis
407 1611 418 1631 s
437 1597 521 1644 varij
542 1596 647 1644 precij
678 1609 689 1630 t
717 1595 861 1631 Summa
878 1596 925 1642 iiij
944 1597 969 1631 fi
987 1608 1009 1631 v
1027 1601 1043 1631 3
1064 1609 1076 1630 s
1095 1601 1130 1630 et
1148 1597 1282 1643 expen’.

770 1673 914 1709 Summa
932 1673 979 1720 xij
999 1673 1024 1708 ii
1042 1673 1090 1720 iiij
1110 1678 1125 1709 3
1141 1673 1189 1720 iiij
1209 1672 1243 1708 d.

347 1838 428 1868 DIE
454 1836 691 1867 MERCURII
711 1829 794 1864 xxvi
813 1828 974 1875 Augusti.
1026 1833 1276 1864 PANETRIA.
1318 1827 1379 1861 De
1405 1827 1604 1874 preintratis
1624 1840 1634 1860 s
1655 1840 1710 1862 ex-

297 1910 376 1956 pen’
395 1921 489 1943 xxxv
507 1919 613 1955 panes
635 1918 643 1941 1
664 1912 698 1941 et
715 1905 759 1941 fic
777 1918 865 1952 eque
884 1906 919 1939 in
939 1903 1084 1940 difiunio
1111 1905 1204 1953 apud
1234 1903 1341 1939 Perth
1369 1917 1380 1938 s
1408 1903 1501 1938 Item
1528 1904 1571 1938 de
1597 1904 1709 1951 prein-

298 1987 396 2021 tratis
416 1999 426 2019 s
446 1985 569 2032 expen'
583 1986 610 2031 jc
629 1983 665 2017 lx
679 1995 786 2030 panes
807 1995 815 2018 l
838 1983 929 2017 Item
948 1983 1073 2030 expen’
1091 1982 1126 2016 in
1144 1981 1285 2029 pastillis
1302 1981 1373 2029 xxij
1393 1993 1501 2028 panes
1527 1994 1538 2014 l
1567 1981 1708 2015 Summa

293 2063 320 2107 j‘
339 2062 445 2108 lxxxij
474 2073 581 2108 panes
600 2074 610 2095 s
630 2066 665 2095 et
682 2059 725 2094 fic
745 2060 873 2095 restant
890 2060 947 2095 xm
965 2059 1024 2107 vijc
1041 2059 1136 2107 lxviij
1162 2072 1279 2107 panes.
1331 2064 1609 2095 BUTELARIA.
1647 2058 1707 2091 De

296 2138 436 2174 ceruifia
453 2139 645 2186 preintrata
663 2138 787 2184 expen’
806 2137 865 2172 xlv
882 2137 1002 2184 lagine
1020 2135 1161 2172 ceruifie
1188 2150 1200 2170 l
1230 2136 1321 2171 Item
1348 2137 1454 2183 empt'
1475 2136 1572 2182 xxiiij
1593 2136 1706 2182 lagine

297 2214 436 2250 ceruifie
455 2214 549 2262 xlviij
569 2220 585 2250 3
603 2231 613 2247 ι
633 2220 667 2249 et
685 2212 728 2249 fic
742 2214 869 2249 restant
882 2214 1014 2262 lxxxiiij
1030 2213 1146 2261 lagine
1159 2213 1311 2249 ceruifie.
1356 2219 1569 2256 COQUINA.
1590 2212 1706 2259 Empt’

297 2293 344 2340 iij‘
363 2292 471 2327 alleca
490 2306 500 2326 s
520 2292 555 2339 ijc
572 2291 639 2339 albj
667 2291 773 2339 pisces
792 2304 804 2326 t
822 2291 858 2337 ijc
875 2290 1056 2339 sperlingis
1085 2304 1102 2337 ιΔ
1124 2290 1172 2338 iiij
1204 2291 1373 2327 salmones
1405 2295 1561 2326 recentes
1581 2303 1591 2324 l
1609 2288 1704 2335 xxiiij
