1861 2703
260 245 325 275 111,
739 239 896 274 LIBER
926 239 1202 274 DOMICILII
1568 246 1669 276 1528.

306 344 387 373 DIE
412 341 542 371 JOUIS
566 347 612 368 xx
632 334 792 381 Augusti.
844 342 1095 372 PANETRIA.
1140 336 1198 371 De
1226 337 1425 383 preintratis
1451 339 1575 384 expen’
1601 351 1671 372 xxx

258 429 364 464 panes
394 428 405 449 Ι
433 420 468 449 et
496 413 540 448 fic
569 413 697 448 restant
721 414 790 461 xjffl
817 414 851 460 ij⁶
877 416 936 460 xxj
962 427 1080 461 panes,
1138 421 1418 450 BUTELARIA.
1463 416 1598 463 Expen'
1624 418 1669 463 viJ'

258 494 373 541 lagine
392 493 414 540 ij
434 497 555 538 quarte
574 490 715 526 ceruifie
749 504 756 526 ι
790 497 824 526 et
841 491 884 526 fic
910 491 1038 526 restant
1064 491 1160 539 lxviij
1189 492 1304 538 lagine
1326 495 1340 539 3
1368 499 1492 540 quarta
1518 495 1670 529 ceruifie.

261 576 475 613 COQUINA.
496 568 980 616 Empt'apudCammesmore
995 569 1041 616 iiij
1058 576 1169 604 merte
1185 582 1264 604 cum
1280 571 1575 618 corrijsspricium
1583 573 1638 619 viij
1648 574 1671 607 fi

259 650 294 696 iij
313 654 328 684 ἔ
347 662 358 682 Ι
377 648 420 682 de
438 647 562 694 quibus
580 647 742 694 [expen’]
761 647 795 694 iij
816 652 926 681 merte
954 660 965 680 l
993 652 1028 681 et
1045 646 1088 681 fic
1106 647 1260 694 restantj
1280 654 1392 683 merta
1419 663 1430 683 l
1460 649 1551 684 Item
1570 652 1674 697 empt’

260 726 304 773 vij
325 732 486 761 mutones
503 738 582 760 cum
600 724 749 772 pellibus
768 737 781 759 l
800 724 820 771 ij
834 729 959 759 muton
977 724 1102 759 boukis
1122 738 1133 759 s
1153 725 1186 772 iij
1200 726 1225 760 fi
1243 726 1274 772 vj
1289 731 1304 760 ἔ
1323 739 1334 760 s
1354 731 1388 760 et
1406 731 1530 774 expen'
1551 740 1562 761 l
1583 728 1674 762 Item

261 808 365 852 empt’
388 806 402 851 3
430 804 560 839 vitulus
586 816 734 850 magnus
760 816 807 837 xx
825 808 840 837 ἔ
859 816 869 837 s
889 808 923 838 et
950 804 1074 850 expen’
1102 817 1112 837 s
1143 803 1233 838 Item
1254 807 1358 851 empt'
1391 804 1472 851 xxiij
1502 817 1674 852 capones]

260 882 390 929 xxxviij
419 882 716 930 pulligallinarum
745 895 756 915 s
783 882 816 928 xj
845 882 961 928 pultre
981 895 991 915 l
1011 882 1047 915 in
1067 882 1176 915 ordeo
1202 895 1212 915 s
1241 887 1275 916 et
1293 881 1359 916 lale
1389 895 1400 916 s
1427 883 1512 929 variJ'
1540 882 1645 929 precij
1663 895 1674 915 l

263 961 405 996 Summa
423 961 456 1007 iij
475 961 499 995 fi
518 960 563 1007 iiij
584 965 600 994 ἔ
616 973 638 994 x
655 960 679 995 d
699 973 709 993 s
729 965 763 994 et
781 961 916 1006 expen'.

743 1037 885 1071 Summa
903 1050 946 1072 xv
965 1038 988 1071 li
1007 1038 1065 1083 xiij
1085 1042 1100 1071 ἔ
1117 1050 1139 1071 x
1156 1038 1190 1072 d.

314 1199 395 1228 DIE
421 1199 619 1229 VENERIS
646 1193 704 1226 xxi
733 1191 893 1238 Augusti.
947 1198 1196 1228 PANETRIA.
1242 1192 1300 1226 De
1327 1193 1526 1239 preintratis
1553 1193 1676 1239 expen’

263 1274 298 1306 in
318 1272 493 1306 dominico
520 1271 552 1317 vj
582 1283 688 1317 panes
716 1284 726 1304 s
756 1270 846 1304 Item
867 1270 895 1316 J'c
920 1270 1003 1317 xlvij
1032 1282 1139 1317 panes
1167 1282 1176 1305 Ι
1206 1270 1297 1305 Item
1325 1271 1449 1317 expen’
1476 1270 1513 1304 in
1537 1269 1677 1317 pastillis

263 1351 320 1398 xvj
340 1363 445 1398 panes
474 1363 484 1383 l
513 1349 657 1384 Summa
674 1348 900 1396 expensarum
913 1348 942 1394 je
959 1348 1032 1382 lxix
1058 1360 1165 1395 panes
1192 1361 1203 1382 l
1231 1353 1266 1382 et
1292 1347 1334 1382 fic
1360 1347 1488 1382 restant
1505 1347 1574 1395 xj(D
1591 1347 1675 1393 lxxij

262 1442 380 1477 panes.
452 1433 734 1465 BUTELARIA.
779 1426 915 1473 Expen'
941 1426 1012 1474 xliij
1040 1426 1191 1473 laginej
1219 1431 1343 1472 quarta
1369 1425 1509 1461 ceruifie
1537 1439 1549 1459 Ι
1576 1430 1611 1460 et
1635 1423 1678 1459 fic

262 1507 389 1542 restant
409 1519 479 1541 xxv
493 1506 608 1552 lagine
623 1503 762 1539 ceruifie
782 1517 794 1538 l
815 1503 906 1538 Item
922 1505 1064 1552 empt’jc
1078 1505 1193 1551 lagine
1208 1504 1349 1539 ceruifie
1364 1518 1375 1538 t
1391 1505 1540 1551 pricium
1551 1504 1609 1550 viij
1625 1504 1649 1538 ii
1666 1516 1677 1537 l

267 1591 301 1619 et
319 1585 361 1619 lic
379 1584 505 1618 restant
518 1584 545 1630 3
564 1595 633 1617 xxv
656 1582 770 1629 lagine
793 1581 944 1616 ceruifie.
998 1588 1211 1624 COQUINA.
1247 1582 1365 1628 Empt’
1395 1582 1454 1627 vijc
1484 1581 1594 1616 alleca
1613 1594 1624 1615 t
1644 1581 1678 1627 ij

268 1662 334 1709 albj
355 1661 460 1709 pisces
480 1675 490 1695 s
511 1661 556 1708 iijc
575 1660 657 1707 xviij
683 1659 833 1694 ln‘fii'che
861 1673 872 1694 s
894 1660 908 1707 j
928 1659 1033 1694 turbo
1062 1673 1072 1693 Ι
1100 1660 1134 1706 iij
1162 1659 1366 1706 bronoscopj
1399 1672 1406 1693 l
1437 1659 1481 1706 iiij
1510 1659 1679 1693 salmones

268 1746 424 1775 recentes
444 1757 454 1772 ι
469 1742 483 1787 3
502 1739 604 1785 girlse
624 1752 634 1772 s
656 1739 690 1772 in
708 1738 888 1784 sperlingis
907 1751 919 1772 l
937 1738 1040 1772 trutis
1058 1737 1269 1772 torrentium
1290 1750 1301 1771 s
1321 1742 1355 1771 et
1374 1737 1527 1771 fundolis
1555 1750 1565 1771 s
1593 1737 1676 1782 vari-j

269 1818 373 1866 prccij
405 1831 414 1851 s
443 1819 586 1851 Summa
604 1829 624 1851 v
642 1817 667 1851 ii
686 1815 767 1863 xviij
788 1821 804 1851 ἔ
822 1829 834 1850 l
853 1821 888 1850 et
905 1816 1029 1863 expen'
1058 1828 1068 1849 Ι
1098 1814 1187 1849 Item
1216 1816 1321 1862 enipt'
1348 1815 1381 1862 iij
1402 1820 1500 1862 petre
1520 1813 1592 1861 cafij
1615 1827 1625 1848 s
1646 1814 1680 1861 ijc

269 1975 372 2021 bntirj
392 1986 461 2007 xxx
480 1978 496 2007 ἔ
514 1986 525 2006 s
546 1973 587 2007 de
606 1972 730 2018 quibus
749 1972 871 2019 expen'
899 1972 919 2018 ij
947 1977 1045 2018 petre
1065 1971 1121 2017 viij
1142 1970 1228 2004 libre
1258 1984 1268 2003 l
1298 1975 1331 2004 et
1350 1969 1392 2003 fic
1411 1969 1535 2004 restant
1550 1972 1564 2016 3
1582 1976 1680 2016 petra

269 2052 324 2097 viij
346 2052 431 2085 libre
449 2051 565 2096 butirj.

741 2128 883 2161 Summa
901 2128 957 2172 xvj
977 2128 1001 2161 ii
1022 2140 1040 2161 x
1061 2132 1076 2160 ἔ
1095 2127 1150 2171 Vill
1171 2127 1204 2160 d·

322 2290 400 2319 1)]Ιῦ
426 2288 591 2318 SAROTI
622 2282 689 2315 xxii
721 2282 879 2328 Augusti.
951 2287 1196 2318 PANETRIA.
1243 2281 1298 2315 De
1327 2283 1526 2328 preintratis
1558 2282 1679 2327 expcn’
