1861 2703
128 246 234 282 1529,
627 239 783 275 REGIS
808 239 997 276 JACOBI
1025 240 1069 274 v.
1481 247 1549 278 155

173 344 254 374 DIE
280 343 517 374 MERCURII
539 337 574 370 ix
591 336 702 372 Junii.
755 336 933 371 Dominus
955 336 1035 371 Rex
1053 349 1132 371 cum
1162 339 1234 372 eius
1266 339 1397 374 familia
1416 341 1546 375 manso-

124 421 206 450 runt
224 415 284 449 isto
303 414 358 448 die
377 419 412 448 et
431 414 486 448 die
504 412 670 460 sequente
689 414 725 448 in
744 413 892 461 prandio
911 414 1012 460 super
1043 413 1196 462 expensis
1228 415 1374 463 Dominj
1396 416 1546 452 Abbatis

124 491 274 526 eiusdem
294 504 306 526 s
325 496 360 526 et
377 491 493 538 postea
513 491 761 538 cquitauerunt
780 490 897 526 versus
915 491 1100 538 Jedburgh
1120 492 1155 526 in
1175 505 1268 527 cena.

171 655 252 684 DIE
276 654 407 684 JOUIS
439 648 574 683 decimo
600 648 710 684 Junii.
763 655 1016 684 PANETRIA.
1054 648 1112 683 De
1130 650 1330 695 preintratis
1351 663 1362 684 t
1382 653 1546 699 expen’jc

123 727 179 774 viij
200 739 306 774 panes
339 740 349 760 l
382 725 479 761 etsie
507 726 635 761 restant
664 727 745 773 iiij<0
776 727 870 774 xxvij
891 740 1008 774 panes,
1062 734 1349 764 BUTELARIA.
1391 730 1508 777 Empt'
1526 745 1544 764 a

124 804 266 839 diuersis
283 805 320 839 in
337 804 523 851 Jedburgh
542 804 590 851 iijc
608 805 724 851 lagine
743 803 884 839 cernisne
905 818 916 839 t
934 805 1084 851 pricium
1104 818 1174 839 xxx
1188 806 1213 841 ii
1245 820 1256 840 s
1284 807 1327 841 de
1345 808 1469 853 quibus
1488 822 1544 843 ex·
1561 814 1693 843 Jedburgh·

123 885 202 931 pen'
221 883 330 929 xxx-iij
364 883 479 929 lagine
511 881 652 916 ceruifie
683 895 694 916 s
724 888 759 917 et
776 882 829 930 *fic
862 882 990 917 restant
1020 883 1057 929 ijc
1086 883 1217 931 lxxxvij
1250 884 1364 931 lagine
1393 886 1545 922 cernifie.

123 967 344 1004 COQUINA.
364 961 419 994 Ex
430 959 627 1007 prouislone
637 960 833 1006 Edinburgi
846 960 939 995 miffe
952 959 1069 995 versus
1077 960 1260 1008 Jedburgh
1273 962 1328 1010 xvj
1345 970 1454 998 merte
1466 964 1546 999 salse

122 1039 298 1074 Orchadie
315 1052 325 1073 l
343 1051 388 1074 xx
402 1038 497 1085 porcj
516 1051 528 1073 l
543 1051 610 1084 que
624 1038 703 1072 sunt
715 1038 864 1072 allocan'
1044 1053 1055 1073 l
1071 1040 1113 1074 de
1128 1040 1252 1086 quibus
1265 1042 1389 1088 oxpen'
1403 1043 1438 1089 iij
1452 1044 1545 1090 porcj

121 1119 141 1165 ij
162 1124 285 1164 quarte
305 1131 316 1152 s
336 1123 371 1152 et
388 1116 432 1151 fic
449 1116 577 1151 restant
595 1118 653 1163 xvj
673 1117 769 1164 porcj
787 1117 807 1164 ij
824 1122 947 1163 quarte
965 1119 1062 1164 porej
1084 1131 1094 1152 s
1114 1118 1171 1164 xvj
1192 1125 1303 1153 merte
1321 1119 1402 1155 salse
1424 1138 1433 1153 s
1456 1121 1546 1156 Item

121 1196 251 1244 cinpt’j
273 1196 468 1242 carcagium
487 1200 598 1230 merte
617 1195 766 1229 recentis
785 1195 796 1229 l
815 1200 830 1230 ἕ·
845 1208 856 1229 l
877 1196 933 1242 viij
954 1201 1117 1230 mutones
1135 1196 1170 1243 iij
1190 1197 1215 1231 ii
1234 1197 1279 1244 iiij
1303 1203 1317 1233 ἔ
1337 1211 1348 1232 l
1370 1198 1429 1233 xlv
1447 1199 1549 1246 pulli-

120 1275 330 1321 gallinarum
351 1287 362 1308 Ι
381 1274 438 1320 viij
458 1273 576 1321 pultre
596 1287 606 1308 s
626 1273 723 1320 xxiiij
745 1286 895 1320 capones
915 1287 926 1307 l
945 1274 981 1307 ix
999 1287 1081 1309 auos
1099 1275 1248 1310 morales
1264 1289 1275 1310 s
1292 1277 1336 1322 vij
1356 1282 1475 1312 anates
1495 1291 1505 1311 s
1525 1291 1548 1312 v

121 1355 262 1388 ciconee
283 1366 292 1387 ι
312 1354 368 1400 xvj
389 1353 521 1400 pouttis
543 1366 553 1386 t
574 1352 594 1399 ij
616 1352 839 1387 conturnices
860 1365 871 1386 s
891 1352 913 1399 ij
933 1353 1036 1400 snipis
1065 1366 1076 1387 t
1108 1356 1139 1401 xj
1160 1354 1245 1401 pullj
1279 1355 1519 1391 columbarum
1536 1371 1546 1391 l

122 1434 156 1466 in
175 1431 242 1466 salo
263 1445 273 1465 s
294 1437 328 1466 et
346 1431 464 1465 butiro
484 1443 495 1464 s
515 1430 599 1477 varij
620 1430 726 1477 precij
757 1443 768 1464 s
797 1430 942 1465 Summa
960 1444 982 1465 v
1000 1431 1025 1466 ii
1044 1431 1104 1466 xix
1122 1437 1137 1467 Ξ
1155 1432 1175 1479 ij
1197 1433 1220 1468 d
1240 1446 1250 1467 t
1272 1438 1306 1468 ct
1325 1435 1464 1481 expen’.

606 1509 750 1543 Summa
768 1509 814 1556 xlj
834 1509 859 1543 fi
877 1509 936 1556 xiij
957 1514 971 1543 ἔ
990 1509 1010 1556 ij
1031 1510 1065 1544 d.

172 1675 253 1704 DIE
281 1673 407 1704 LUNE
422 1666 531 1701 xxviii
548 1666 659 1702 Junii.
688 1672 937 1702 PANETRIA.
958 1666 1016 1701 De
1030 1667 1231 1714 preintratis
1243 1671 1386 1716 [expen'
1399 1669 1547 1718 jclxxxx
1587 1687 1696 1705 mcum

123 1723 228 1794 penes
248 1759 259 1780 s
273 1751 307 1780 et
321 1744 364 1780 fic
377 1744 504 1779 restant
523 1744 591 1778 ix‘o
604 1744 661 1791 vijc
673 1744 773 1778 lxxix
788 1757 906 1791 panes.
961 1752 1245 1782 BUTELARIA.
1274 1747 1332 1782 De
1345 1749 1547 1795 preintratis
1586 1727 1686 1745 saxon
1706 1728 1794 1746 wrm.

124 1825 247 1872 expen’
262 1824 296 1871 lij
313 1824 429 1870 lagine
443 1823 464 1870 ij
479 1828 601 1869 quarte
615 1821 755 1857 ceruifie
776 1836 787 1856 s
809 1822 900 1858 Item
920 1825 1025 1871 empt'
1039 1823 1075 1859 lx
1089 1824 1204 1871 lagine
1219 1825 1359 1860 ceruifie
1373 1839 1384 1860 l
1397 1827 1544 1873 pricinln
1563 1841 1648 1863 Peblis.

124 1917 143 1937 v
159 1904 183 1938 Ῐί
204 1916 213 1936 s
234 1908 269 1937 et
282 1901 324 1937 fic
338 1901 465 1936 restant
477 1900 610 1948 lxxxiiij
628 1901 742 1947 lagine
757 1901 792 1948 iij
805 1907 928 1947 quarte
941 1902 1092 1937 ceruifie.
1145 1910 1364 1947 COQUINA.
1394 1904 1511 1952 Empt’
1523 1919 1546 1940 x

124 1981 285 2016 mulones
302 1994 312 2014 Ι
326 1985 359 2015 vc
377 1980 445 2027 albj
465 1979 571 2027 pisces
587 1993 598 2014 s
613 1992 635 2015 v
649 1978 818 2014 salmones
830 1980 864 2027 [j
880 1979 949 2015 sole
966 1983 1001 2028 sj
1014 1982 1117 2016 turbo
1132 1995 1143 2016 s
1157 1985 1191 2030 vj
1205 1983 1337 2029 rigadia
1353 1997 1363 2017 s
1378 1984 1424 2031 iiij
1437 1983 1517 2031 lucij
1533 1998 1544 2018 l

125 2061 160 2094 lx
176 2065 338 2094 mutones
350 2058 435 2104 aridj
454 2071 464 2092 s
480 2059 515 2092 in
530 2057 626 2093 caseo
643 2071 653 2092 s
670 2059 746 2092 ouis
762 2071 772 2092 s
789 2063 822 2092 et
836 2059 985 2106 caringio
997 2060 1139 2107 piscium
1152 2061 1331 2096 aridorum
1348 2075 1359 2096 s
1373 2062 1455 2110 varij
1469 2076 1546 2110 pre-

126 2138 165 2184 cij
185 2151 195 2171 s
212 2138 355 2172 Summa
368 2137 401 2171 ix
412 2137 437 2172 fi
451 2139 484 2184 xj
500 2141 515 2172 Ξ
529 2137 586 2184 viij
599 2136 623 2172 d
637 2150 647 2170 l
662 2142 696 2171 et
708 2138 832 2183 expen’
852 2150 863 2171 s
885 2137 975 2172 Item
989 2141 1094 2186 empt’
1107 2139 1154 2187 iiij
1166 2146 1265 2187 petre
1277 2139 1381 2188 butirj
1396 2141 1491 2188 xxxij
1506 2146 1520 2176 ἕ
1534 2155 1544 2175 s

126 2223 159 2251 et
179 2218 302 2264 expen'
322 2216 342 2263 ij
362 2222 460 2264 petre
480 2217 513 2251 ix
532 2216 619 2251 libre
638 2215 741 2263 butirj
764 2228 774 2249 s
794 2222 829 2250 et
847 2215 890 2251 fic
908 2217 1035 2252 restant
1053 2218 1099 2266 iiij
1119 2224 1218 2266 petre
1236 2219 1268 2266 vj
1288 2219 1375 2255 libre
1393 2219 1510 2266 butirj.

587 2296 730 2331 Summa
748 2298 804 2343 xvj
824 2297 849 2331 ii
869 2296 902 2343 iij
923 2301 939 2332 'S
955 2296 1013 2344 viij
1033 2296 1067 2331 d.
