1861 2703
97 2140 167 2157 PARA

173 2140 284 2157 ssAPHE.

282 245 328 274 54-
764 237 923 272 LIBER
949 236 1227 272 DOMICILII
1593 237 1697 272 1526.

284 338 326 371 de
344 337 467 383 quibus
485 334 608 381 expen'
626 338 661 368 et
679 333 931 368 distribuuntur
948 346 1011 381 per
1029 346 1151 368 manus
1180 333 1325 380 Dominj
1348 332 1457 379 Regis
1487 331 1524 366 in
1553 331 1699 366 seruicio

286 425 478 461 pauperum
495 411 554 458 xiij
573 411 689 457 lagine
706 411 740 458 iij
760 416 882 457 quarte
901 410 1040 445 ceruifie
1060 428 1070 444 ι
1090 416 1125 445 et
1138 409 1181 445 fic
1192 410 1320 445 restant
1330 410 1401 458 xlvj
1417 410 1532 456 lagine
1545 411 1559 456 j
1579 415 1701 456 quarta

288 489 437 526 ceruifie.
491 495 708 532 COQUINA.
747 488 804 523 De
822 489 1023 536 preintratis
1044 505 1052 520 s
1073 489 1197 536 expen’
1223 489 1259 536 ijc
1288 488 1397 523 alleca
1425 487 1506 522 salsa
1526 488 1563 522 in
1593 488 1702 522 domi-

287 569 365 604 cilio
386 586 395 601 s
414 570 447 615 vj
467 567 626 601 mulones
644 566 729 613 aridj
760 579 770 600 l
800 565 890 600 Item
910 567 1034 612 expen'
1062 566 1098 599 in
1124 565 1269 600 seruicio
1287 578 1480 612 pauperum
1494 567 1522 612 jc
1539 565 1576 599 lx
1594 565 1702 599 alleca

287 647 366 681 ialsa
382 660 392 680 s
407 646 449 680 de
464 645 663 679 mnlonibns
678 658 688 678 s
703 649 737 678 et
751 643 961 678 salmonibns
979 642 1067 677 saliis
1084 656 1094 677 l
1109 641 1218 689 girlfis
1234 656 1244 677 l
1258 644 1382 690 expen’
1401 643 1543 678 inferius
1571 657 1582 677 Ι
1611 643 1703 678 Item

286 725 430 758 liberata
449 723 629 758 Fratribus
646 723 682 756 in
701 722 896 757 elemozina
914 721 1061 768 Dominj
1084 721 1197 767 Regis
1215 721 1258 755 de
1276 726 1442 768 precepto
1461 720 1613 756 eiusdem
1633 721 1704 768 viijc

287 803 371 836 lxxx
389 801 498 835 alleca
515 799 596 835 salsa
615 813 626 834 t
646 805 683 834 et
699 798 743 834 fic
772 799 900 833 restant
917 800 965 846 iij⁶
984 798 1095 845 lxxxij
1128 798 1289 833 mulones
1316 798 1401 845 aridj
1423 811 1435 832 l
1454 798 1516 832 ix(D
1534 804 1567 833 vc
1585 798 1705 832 lxxxix

288 880 473 926 speldingiS
492 892 503 913 l
523 878 604 925 iiijffl
622 877 693 923 viijc
711 877 782 924 xlvj
803 876 912 910 alleca
941 875 1023 910 salsa
1050 893 1059 909 s
1091 876 1179 910 Item
1210 876 1339 910 intrata
1357 876 1378 923 ij
1410 875 1533 910 barilia
1557 876 1705 911 allecum

290 956 381 991 affise
406 957 448 991 de
479 955 646 1002 Glasqow
664 955 881 990 continentia
893 954 944 1001 J'm
957 954 985 1001 j
1002 954 1039 988 xl
1057 954 1166 988 alleca
1183 953 1265 989 salla
1283 968 1294 988 l
1314 960 1349 989 et
1374 953 1418 988 fic
1443 954 1570 989 restant
1587 955 1643 990 v‘D
1660 955 1707 988 ix‘

290 1035 408 1081 lxxxvj
429 1034 537 1068 alleca
554 1033 638 1067 salsa
665 1050 674 1066 s
704 1032 762 1067 Dc
780 1032 980 1079 preintratis
1001 1045 1011 1065 s
1032 1032 1156 1078 expen’
1177 1034 1191 1078 j
1218 1037 1318 1078 petra
1334 1031 1392 1078 viij
1411 1031 1499 1066 libre
1516 1031 1621 1078 butirj
1643 1048 1652 1065 s
1673 1038 1707 1066 et

291 1113 334 1147 fic
352 1112 478 1146 restant
496 1125 542 1145 xx
560 1116 658 1158 petre
684 1113 718 1157 xj
751 1110 838 1144 libre
866 1110 971 1156 butirj
1005 1126 1014 1142 t
1050 1109 1140 1143 Item
1170 1110 1274 1156 empt'
1302 1122 1324 1144 v
1351 1115 1449 1156 petre
1480 1109 1585 1156 butirj
1614 1110 1707 1156 price

292 1191 389 1237 xlviij
410 1195 425 1224 ἔ
443 1207 453 1222 l
474 1195 508 1223 et
525 1188 568 1222 fic
586 1188 713 1222 restant
741 1201 811 1222 xxv
828 1194 927 1234 petre
959 1187 993 1233 xj
1023 1187 1109 1221 libre
1140 1187 1245 1233 butirj
1276 1200 1287 1220 s
1318 1187 1408 1221 Item
1437 1187 1542 1233 empt’
1565 1187 1579 1233 j
1609 1193 1708 1234 petra

291 1266 364 1313 calij
387 1281 396 1300 s
417 1269 463 1313 vjc
480 1267 556 1312 pira
575 1279 587 1300 s
606 1266 665 1312 vijc
682 1277 786 1312 poma
806 1281 815 1298 s
836 1265 931 1311 price
951 1265 1036 1311 varij
1059 1281 1069 1298 ι
1089 1264 1122 1311 iij
1142 1265 1167 1299 ii
1184 1265 1256 1312 xvij
1273 1270 1288 1299 ἔ
1305 1265 1350 1311 iiij
1371 1264 1395 1299 d
1414 1278 1424 1298 Ι
1444 1270 1479 1299 et
1497 1265 1620 1312 expen'
1638 1265 1708 1298 suc-

291 1344 412 1380 ceffiue
440 1358 451 1378 l
482 1344 572 1378 Item
591 1345 696 1390 empt’
715 1343 800 1390 xxxj
822 1343 983 1377 mulones
1001 1348 1160 1377 recentes
1179 1360 1188 1376 l
1209 1343 1256 1390 iijc
1270 1342 1337 1390 albj
1352 1343 1458 1390 pisces
1477 1356 1488 1377 s
1502 1343 1530 1389 jc
1548 1343 1604 1390 viij
1621 1355 1709 1377 mer-

291 1423 392 1469 lingis
412 1436 422 1456 s
437 1424 465 1469 J'c
482 1421 602 1468 lxxxvj
622 1421 759 1468 podlois
780 1434 791 1454 s
810 1421 831 1468 ij
853 1420 976 1467 leingis
997 1434 1007 1455 s
1027 1422 1049 1468 ij
1070 1422 1190 1455 rounis
1210 1438 1220 1455 ι
1240 1421 1260 1468 ij
1281 1421 1448 1455 turbones
1468 1434 1479 1455 s
1498 1421 1544 1468 iiij
1569 1421 1709 1455 bronos-

292 1501 367 1548 copj
390 1514 400 1535 s
420 1501 515 1547 xxiiij
548 1500 666 1547 polupj
689 1516 698 1533 s
719 1499 739 1546 ij
761 1504 883 1546 quarte
914 1499 1033 1546 pellok
1053 1513 1063 1533 s
1083 1500 1120 1532 in
1136 1499 1311 1545 grenbans
1330 1516 1340 1532 ι
1360 1499 1514 1533 fnndolis
1534 1512 1545 1533 s
1563 1499 1709 1546 pectini-

292 1580 355 1613 bus
375 1596 385 1613 s
405 1579 506 1613 trutis
525 1578 735 1612 torrentium
755 1591 766 1612 J
786 1577 808 1624 ij
829 1577 1000 1611 salmones
1018 1582 1175 1611 recentes
1195 1590 1207 1611 s
1226 1576 1259 1623 iij
1279 1576 1415 1623 padillis
1433 1590 1445 1610 s
1458 1579 1486 1623 jc
1503 1576 1684 1623 sperlingis
1697 1593 1706 1609 s

294 1657 341 1703 iijc
359 1657 468 1691 bukes
488 1670 498 1690 s
513 1656 562 1702 j‘U
581 1655 682 1690 ostria
701 1669 711 1689 s
731 1656 751 1702 ij
772 1655 853 1702 luciJ'
876 1672 885 1688 s
906 1656 943 1689 in
970 1655 1115 1702 perches
1128 1668 1139 1689 l
1153 1659 1187 1689 et
1205 1653 1420 1689 conchilibus
1439 1667 1451 1688 l
1471 1654 1554 1701 varij
1574 1655 1679 1701 precij
1697 1671 1707 1687 s

297 1734 439 1768 Summa
457 1734 513 1780 viij
534 1735 558 1768 ii
577 1735 611 1780 iij
631 1734 695 1780 §vj
715 1734 740 1769 d
773 1746 780 1768 l
816 1739 850 1768 et
869 1734 994 1780 expen’
1021 1747 1032 1767 l
1061 1733 1152 1767 Item
1180 1733 1222 1767 de
1251 1733 1451 1779 preintratis
1479 1745 1491 1766 l
1520 1733 1643 1779 expen'
1673 1733 1709 1766 in

295 1812 439 1845 seruicio
458 1824 651 1858 pauperum
669 1811 727 1858 viij
747 1810 856 1858 girlsis
888 1828 898 1844 s
928 1816 963 1845 et
991 1810 1092 1844 dietis
1122 1809 1285 1844 fratribus
1311 1810 1348 1843 in
1379 1809 1571 1844 elemozina
1601 1809 1710 1856 Regis

296 1889 390 1936 xlviij
410 1888 519 1935 girlfis
547 1903 557 1923 l
587 1889 678 1924 Item
698 1890 822 1936 expen'
840 1890 877 1923 in
896 1888 1071 1923 domicilio
1092 1898 1112 1923 v
1130 1888 1299 1922 salmones
1315 1887 1386 1922 falfi
1405 1901 1416 1922 Ι
1436 1893 1470 1922 et
1487 1887 1530 1922 fic
1547 1887 1684 1922 restant.

757 1967 902 2002 Summa
919 1966 1001 2013 xviij
1021 1966 1046 2000 ii
1064 1966 1121 2012 viij
1141 1970 1156 2001 ἔ
1173 1979 1195 2000 x
1213 1966 1247 2001 d.

347 2127 429 2156 DIE
446 2128 644 2158 VENERIS
656 2122 853 2169 penultimo
863 2123 1001 2158 Mereii.
1026 2128 1274 2160 PANETRIA.
1294 2120 1710 2169 Depreintratislexpen'

299 2200 335 2232 in
354 2199 529 2233 dominico
549 2205 583 2234 et
600 2198 752 2234 secundo
771 2202 895 2248 expen’
908 2201 936 2248 jc
952 2203 1011 2248 xxj
1026 2213 1133 2248 panes
1149 2213 1159 2234 l
1174 2205 1208 2234 et
1221 2199 1264 2234 fic
1278 2199 1405 2234 restant
1417 2199 1485 2233 ix(D
1497 2199 1555 2246 vijc
1569 2198 1710 2244 lxxxxvj

301 2288 417 2324 panes.
472 2283 749 2314 BUTELARIA.
798 2277 933 2325 Expen’
952 2278 1062 2314 xxxix
1081 2278 1196 2324 lagine
1218 2279 1232 2324 j
1259 2282 1383 2324 quarta
1408 2275 1548 2312 ceruifie
1576 2293 1586 2309 l
1619 2281 1652 2310 et
1668 2274 1711 2310 fic
